@PREAMBLE{ " \newcommand{\noop}[1]{} " }

@ARTICLE{rossiter24,
   author = {{Rossiter}, R.~A.},
    title = "{On the detection of an effect of rotation during eclipse in the velocity of the brigher component of beta Lyrae, and on the constancy of velocity of this system.}",
  journal = {ApJ},
     year = 1924,
    month = jul,
   volume = 60,
    pages = {15-21},
      doi = {10.1086/142825},
   adsurl = {http://adsabs.harvard.edu/abs/1924ApJ....60...15R},
  adsnote = {Provided by the SAO/NASA Astrophysics Data System}
}

@ARTICLE{mclaughlin24,
   author = {{McLaughlin}, D.~B.},
    title = "{Some results of a spectrographic study of the Algol system.}",
  journal = {ApJ},
     year = 1924,
    month = jul,
   volume = 60,
    pages = {22-31},
      doi = {10.1086/142826},
   adsurl = {http://adsabs.harvard.edu/abs/1924ApJ....60...22M},
  adsnote = {Provided by the SAO/NASA Astrophysics Data System}
}

@INPROCEEDINGS{artigau14,
   author = {{Artigau}, {\'E}. and {Kouach}, D. and {Donati}, J.-F. and {Doyon}, R. and 
	{Delfosse}, X. and {Baratchart}, S. and {Lacombe}, M. and {Moutou}, C. and 
	{Rabou}, P. and {Par{\`e}s}, L.~P. and {Micheau}, Y. and {Thibault}, S. and 
	{Reshetov}, V.~A. and {Dubois}, B. and {Hernandez}, O. and {Vall{\'e}e}, P. and 
	{Wang}, S.-Y. and {Dolon}, F. and {Pepe}, F.~A. and {Bouchy}, F. and 
	{Striebig}, N. and {H{\'e}nault}, F. and {Loop}, D. and {Saddlemyer}, L. and 
	{Barrick}, G. and {Vermeulen}, T. and {Dupieux}, M. and {H{\'e}brard}, G. and 
	{Boisse}, I. and {Martioli}, E. and {Alencar}, S.~H.~P. and 
	{do Nascimento}, J.-D. and {Figueira}, P.},
    title = "{SPIRou: the near-infrared spectropolarimeter/high-precision velocimeter for the Canada-France-Hawaii telescope}",
booktitle = {Society of Photo-Optical Instrumentation Engineers (SPIE) Conference Series},
     year = 2014,
   series = {Society of Photo-Optical Instrumentation Engineers (SPIE) Conference Series},
   volume = 9147,
archivePrefix = "arXiv",
   eprint = {1406.6992},
 primaryClass = "astro-ph.IM",
    month = jul,
      eid = {914715},
    pages = {15},
      doi = {10.1117/12.2055663},
   adsurl = {http://adsabs.harvard.edu/abs/2014SPIE.9147E..15A},
  adsnote = {Provided by the SAO/NASA Astrophysics Data System}
}

@INPROCEEDINGS{delfosse13,
   author = {{Delfosse}, X. and {Donati}, J.-F. and {Kouach}, D. and {H{\'e}brard}, G. and 
	{Doyon}, R. and {Artigau}, E. and {Bouchy}, F. and {Boisse}, I. and 
	{Brun}, A.~S. and {Hennebelle}, P. and {Widemann}, T. and {Bouvier}, J. and 
	{Bonfils}, X. and {Morin}, J. and {Moutou}, C. and {Pepe}, F. and 
	{Udry}, S. and {do Nascimento}, J.-D. and {Alencar}, S.~H.~P. and 
	{Castilho}, B.~V. and {Martioli}, E. and {Wang}, S.~Y. and {Figueira}, P. and 
	{Santos}, N.~C.},
    title = "{World-leading science with SPIRou - The nIR spectropolarimeter / high-precision velocimeter for CFHT}",
 keywords = {Extrasolar planets, Super-Earths in the habitable zone, Star / planet formation, Stellar magnetic fields, Velocimetry, Spectropolarimetry.},
booktitle = {SF2A-2013: Proceedings of the Annual meeting of the French Society of Astronomy and Astrophysics},
     year = 2013,
archivePrefix = "arXiv",
   eprint = {1310.2991},
 primaryClass = "astro-ph.IM",
   editor = {{Cambresy}, L. and {Martins}, F. and {Nuss}, E. and {Palacios}, A.
	},
    month = nov,
    pages = {497-508},
   adsurl = {http://adsabs.harvard.edu/abs/2013sf2a.conf..497D},
  adsnote = {Provided by the SAO/NASA Astrophysics Data System}
}

@INPROCEEDINGS{thibault12,
   author = {{Thibault}, S. and {Rabou}, P. and {Donati}, J.-F. and {Desaulniers}, P. and 
	{Dallaire}, X. and {Artigau}, E. and {Pepe}, F. and {Micheau}, Y. and 
	{Vall{\'e}e}, P. and {Pepe}, F. and {Barrick}, G. and {Reshetov}, V. and 
	{Hernandez}, O. and {Saddlemyer}, L. and {Pazder}, J. and {Par{\`e}s}, L.~P. and 
	{Doyon}, R. and {Delfosse}, X. and {Kouach}, D. and {Loop}, D.
	},
    title = "{SPIRou @ CFHT: spectrograph optical design}",
booktitle = {Ground-based and Airborne Instrumentation for Astronomy IV},
     year = 2012,
   series = {SPIE},
   volume = 8446,
    month = sep,
      eid = {844630},
    pages = {844630},
      doi = {10.1117/12.926697},
   adsurl = {http://adsabs.harvard.edu/abs/2012SPIE.8446E..30T},
  adsnote = {Provided by the SAO/NASA Astrophysics Data System}
}

@ARTICLE{baraffe98,
   author = {{Baraffe}, I. and {Chabrier}, G. and {Allard}, F. and {Hauschildt}, P.~H.
	},
    title = "{Evolutionary models for solar metallicity low-mass stars: mass-magnitude relationships and color-magnitude diagrams}",
  journal = {A\&A},
   eprint = {astro-ph/9805009},
 keywords = {STARS: LOW-MASS, BROWN DWARFS, STARS: EVOLUTION, STARS: HERTZSPRUNG-RUSSEL (HR) AND C-M DIAGRAMS, STARS: INTERIORS, STARS: ATMOSPHERES},
     year = 1998,
    month = sep,
   volume = 337,
    pages = {403-412},
   adsurl = {http://adsabs.harvard.edu/abs/1998A%26A...337..403B},
  adsnote = {Provided by the SAO/NASA Astrophysics Data System}
}

%%%%%%%%%%%%%%%%%%%%%%%%%%%%%%%%%%%%%%%%%%%%%%%%%%%%%%%%%%%%%%%%%%%%%%%%%%%%%%%%%
%%%%% RM effect
@ARTICLE{gaudi07,
   author = {{Gaudi}, B.~S. and {Winn}, J.~N.},
    title = "{Prospects for the Characterization and Confirmation of Transiting Exoplanets via the Rossiter-McLaughlin Effect}",
  journal = {ApJ},
   eprint = {astro-ph/0608071},
 keywords = {Stars: Planetary Systems, Stars: Rotation},
     year = 2007,
    month = jan,
   volume = 655,
    pages = {550-563},
      doi = {10.1086/509910},
   adsurl = {http://adsabs.harvard.edu/abs/2007ApJ...655..550G},
  adsnote = {Provided by the SAO/NASA Astrophysics Data System}
}

@ARTICLE{gimenez06,
   author = {{Gim{\'e}nez}, A.},
    title = "{Equations for the Analysis of the Rossiter-MCLaughlin Effect in Extrasolar Planetary Transits}",
  journal = {ApJ},
 keywords = {Stars: Binaries: Eclipsing, Stars: Planetary Systems, Techniques: Radial Velocities},
     year = 2006,
    month = oct,
   volume = 650,
    pages = {408-413},
      doi = {10.1086/507021},
   adsurl = {http://adsabs.harvard.edu/abs/2006ApJ...650..408G},
  adsnote = {Provided by the SAO/NASA Astrophysics Data System}
}

@ARTICLE{ohta05,
   author = {{Ohta}, Y. and {Taruya}, A. and {Suto}, Y.},
    title = "{The Rossiter-McLaughlin Effect and Analytic Radial Velocity Curves for Transiting Extrasolar Planetary Systems}",
  journal = {ApJ},
   eprint = {astro-ph/0410499},
 keywords = {Stars: Planetary Systems, Stars: Individual: Henry Draper Number: HD 209458, Techniques: Spectroscopic},
     year = 2005,
    month = apr,
   volume = 622,
    pages = {1118-1135},
      doi = {10.1086/428344},
   adsurl = {http://adsabs.harvard.edu/abs/2005ApJ...622.1118O},
  adsnote = {Provided by the SAO/NASA Astrophysics Data System}
}

@ARTICLE{boue13,
   author = {{Bou{\'e}}, G. and {Montalto}, M. and {Boisse}, I. and {Oshagh}, M. and 
	{Santos}, N.~C.},
    title = "{New analytical expressions of the Rossiter-McLaughlin effect adapted to different observation techniques}",
  journal = {A\&A},
archivePrefix = "arXiv",
   eprint = {1211.3310},
 primaryClass = "astro-ph.EP",
 keywords = {techniques: spectroscopic, instrumentation: spectrographs, planetary systems, methods: analytical, methods: data analysis},
     year = 2013,
    month = feb,
   volume = 550,
      eid = {A53},
    pages = {A53},
      doi = {10.1051/0004-6361/201220146},
   adsurl = {http://adsabs.harvard.edu/abs/2013A%26A...550A..53B},
  adsnote = {Provided by the SAO/NASA Astrophysics Data System}
}
%%%%%%%%%%%%%%%%%%%%%%%%%%%%%%%%%%%%%%%%%%%%%%%%%%%%%%%%%%%%%%%%%%%%%%%%%%%%%%

@ARTICLE{meschiari09,
   author = {{Meschiari}, S. and {Wolf}, A.~S. and {Rivera}, E. and {Laughlin}, G. and 
	{Vogt}, S. and {Butler}, P.},
    title = "{Systemic: A Testbed for Characterizing the Detection of Extrasolar Planets. I. The Systemic Console Package}",
  journal = {PASP},
archivePrefix = "arXiv",
   eprint = {0907.1675},
 primaryClass = "astro-ph.EP",
 keywords = {Data Analysis and Techniques},
     year = 2009,
    month = sep,
   volume = 121,
    pages = {1016-1027},
      doi = {10.1086/605730},
   adsurl = {http://adsabs.harvard.edu/abs/2009PASP..121.1016M},
  adsnote = {Provided by the SAO/NASA Astrophysics Data System}
}

%%%%%%%%%%%%%%%%%%%%%%%%%%%%%%%%%%%%%%%%%%%%%%%%%%%%%%%%%%%%%%%%%%%%%%%%%%%%%%%%%
%% papers with Rossiters
@ARTICLE{triaud09,
   author = {{Triaud}, A.~H.~M.~J. and {Queloz}, D. and {Bouchy}, F. and 
	{Moutou}, C. and {Collier Cameron}, A. and {Claret}, A. and 
	{Barge}, P. and {Benz}, W. and {Deleuil}, M. and {Guillot}, T. and 
	{H{\'e}brard}, G. and {Lecavelier Des {\'E}tangs}, A. and {Lovis}, C. and 
	{Mayor}, M. and {Pepe}, F. and {Udry}, S.},
    title = "{The Rossiter-McLaughlin effect of CoRoT-3b and HD 189733b}",
  journal = {A\&A},
archivePrefix = "arXiv",
   eprint = {0907.2956},
 primaryClass = "astro-ph.EP",
 keywords = {binaries: eclipsing, techniques: photometric, techniques: radial velocities, planetary systems, stars: individual: CoRoT-3b, HD 189733},
     year = 2009,
    month = oct,
   volume = 506,
    pages = {377-384},
      doi = {10.1051/0004-6361/200911897},
   adsurl = {http://adsabs.harvard.edu/abs/2009A%26A...506..377T},
  adsnote = {Provided by the SAO/NASA Astrophysics Data System}
}

@ARTICLE{queloz10,
   author = {{Queloz}, D. and {Anderson}, D.~R. and {Collier Cameron}, A. and 
	{Gillon}, M. and {Hebb}, L. and {Hellier}, C. and {Maxted}, P. and 
	{Pepe}, F. and {Pollacco}, D. and {S{\'e}gransan}, D. and {Smalley}, B. and 
	{Triaud}, A.~H.~M.~J. and {Udry}, S. and {West}, R.},
    title = "{WASP-8b: a retrograde transiting planet in a multiple system}",
  journal = {A\&A},
archivePrefix = "arXiv",
   eprint = {1006.5089},
 primaryClass = "astro-ph.EP",
 keywords = {stars: individual: WASP-8, techniques: photometric, techniques: spectroscopic, planet-star interactions, planetary systems, techniques: radial velocities},
     year = 2010,
    month = jul,
   volume = 517,
      eid = {L1},
    pages = {L1},
      doi = {10.1051/0004-6361/201014768},
   adsurl = {http://adsabs.harvard.edu/abs/2010A%26A...517L...1Q},
  adsnote = {Provided by the SAO/NASA Astrophysics Data System}
}

@ARTICLE{triaud10,
   author = {{Triaud}, A.~H.~M.~J. and {Collier Cameron}, A. and {Queloz}, D. and 
	{Anderson}, D.~R. and {Gillon}, M. and {Hebb}, L. and {Hellier}, C. and 
	{Loeillet}, B. and {Maxted}, P.~F.~L. and {Mayor}, M. and {Pepe}, F. and 
	{Pollacco}, D. and {S{\'e}gransan}, D. and {Smalley}, B. and 
	{Udry}, S. and {West}, R.~G. and {Wheatley}, P.~J.},
    title = "{Spin-orbit angle measurements for six southern transiting planets. New insights into the dynamical origins of hot Jupiters}",
  journal = {A\&A},
archivePrefix = "arXiv",
   eprint = {1008.2353},
 primaryClass = "astro-ph.EP",
 keywords = {binaries: eclipsing, stars: general, techniques: spectroscopic},
     year = 2010,
    month = dec,
   volume = 524,
      eid = {A25},
    pages = {A25},
      doi = {10.1051/0004-6361/201014525},
   adsurl = {http://adsabs.harvard.edu/abs/2010A%26A...524A..25T},
  adsnote = {Provided by the SAO/NASA Astrophysics Data System}
}
%%%%%%%%%%%%%%%%%%%%%%%%%%%%%%%%%%%%%%%%%%%%%%%%%%%%%%%%%%%%%%%%%%%%%%%%%%%%

@ARTICLE{irwin11,
   author = {{Irwin}, J. and {Berta}, Z.~K. and {Burke}, C.~J. and {Charbonneau}, D. and 
	{Nutzman}, P. and {West}, A.~A. and {Falco}, E.~E.},
    title = "{On the Angular Momentum Evolution of Fully Convective Stars: Rotation Periods for Field M-dwarfs from the MEarth Transit Survey}",
  journal = {ApJ},
archivePrefix = "arXiv",
   eprint = {1011.4909},
 primaryClass = "astro-ph.SR",
 keywords = {brown dwarfs, stars: evolution, stars: low-mass, stars: rotation, starspots},
     year = 2011,
    month = jan,
   volume = 727,
      eid = {56},
    pages = {56},
      doi = {10.1088/0004-637X/727/1/56},
   adsurl = {http://adsabs.harvard.edu/abs/2011ApJ...727...56I},
  adsnote = {Provided by the SAO/NASA Astrophysics Data System}
}

@ARTICLE{mayor95,
   author = {{Mayor}, M. and {Queloz}, D.},
    title = "{A Jupiter-mass companion to a solar-type star}",
  journal = {Nature},
     year = 1995,
    month = nov,
   volume = 378,
    pages = {355-359},
      doi = {10.1038/378355a0},
   adsurl = {http://adsabs.harvard.edu/abs/1995Natur.378..355M},
  adsnote = {Provided by the SAO/NASA Astrophysics Data System}
}

@ARTICLE{mayor03,
   author = {{Mayor}, M. and {Pepe}, F. and {Queloz}, D. and {Bouchy}, F. and 
	{Rupprecht}, G. and {Lo Curto}, G. and {Avila}, G. and {Benz}, W. and 
	{Bertaux}, J.-L. and {Bonfils}, X. and {Dall}, T. and {Dekker}, H. and 
	{Delabre}, B. and {Eckert}, W. and {Fleury}, M. and {Gilliotte}, A. and 
	{Gojak}, D. and {Guzman}, J.~C. and {Kohler}, D. and {Lizon}, J.-L. and 
	{Longinotti}, A. and {Lovis}, C. and {Megevand}, D. and {Pasquini}, L. and 
	{Reyes}, J. and {Sivan}, J.-P. and {Sosnowska}, D. and {Soto}, R. and 
	{Udry}, S. and {van Kesteren}, A. and {Weber}, L. and {Weilenmann}, U.
	},
    title = "{Setting New Standards with HARPS}",
  journal = {The Messenger},
     year = 2003,
    month = dec,
   volume = 114,
    pages = {20-24},
   adsurl = {http://adsabs.harvard.edu/abs/2003Msngr.114...20M},
  adsnote = {Provided by the SAO/NASA Astrophysics Data System}
}

@ARTICLE{macintosh14,
   author = {{Macintosh}, B. and {Graham}, J.~R. and {Ingraham}, P. and {Konopacky}, Q. and 
	{Marois}, C. and {Perrin}, M. and {Poyneer}, L. and {Bauman}, B. and 
	{Barman}, T. and {Burrows}, A.~S. and {Cardwell}, A. and {Chilcote}, J. and 
	{De Rosa}, R.~J. and {Dillon}, D. and {Doyon}, R. and {Dunn}, J. and 
	{Erikson}, D. and {Fitzgerald}, M.~P. and {Gavel}, D. and {Goodsell}, S. and 
	{Hartung}, M. and {Hibon}, P. and {Kalas}, P. and {Larkin}, J. and 
	{Maire}, J. and {Marchis}, F. and {Marley}, M.~S. and {McBride}, J. and 
	{Millar-Blanchaer}, M. and {Morzinski}, K. and {Norton}, A. and 
	{Oppenheimer}, B.~R. and {Palmer}, D. and {Patience}, J. and 
	{Pueyo}, L. and {Rantakyro}, F. and {Sadakuni}, N. and {Saddlemyer}, L. and 
	{Savransky}, D. and {Serio}, A. and {Soummer}, R. and {Sivaramakrishnan}, A. and 
	{Song}, I. and {Thomas}, S. and {Wallace}, J.~K. and {Wiktorowicz}, S. and 
	{Wolff}, S.},
    title = "{First light of the Gemini Planet Imager}",
  journal = {Proceedings of the National Academy of Science},
archivePrefix = "arXiv",
   eprint = {1403.7520},
 primaryClass = "astro-ph.EP",
     year = 2014,
    month = sep,
   volume = 111,
    pages = {12661-12666},
      doi = {10.1073/pnas.1304215111},
   adsurl = {http://adsabs.harvard.edu/abs/2014PNAS..11112661M},
  adsnote = {Provided by the SAO/NASA Astrophysics Data System}
}

@ARTICLE{kipping13,
   author = {{Kipping}, D.~M.},
    title = "{Parametrizing the exoplanet eccentricity distribution with the Beta distribution}",
  journal = {MNRAS},
archivePrefix = "arXiv",
   eprint = {1306.4982},
 primaryClass = "astro-ph.EP",
 keywords = {methods: statistical, planets and satellites: general},
     year = 2013,
    month = jul,
   volume = 434,
    pages = {L51-L55},
      doi = {10.1093/mnrasl/slt075},
   adsurl = {http://adsabs.harvard.edu/abs/2013MNRAS.434L..51K},
  adsnote = {Provided by the SAO/NASA Astrophysics Data System}
}

@ARTICLE{gaidos14,
   author = {{Gaidos}, E. and {Mann}, A.~W. and {L{\'e}pine}, S. and {Buccino}, A. and 
	{James}, D. and {Ansdell}, M. and {Petrucci}, R. and {Mauas}, P. and 
	{Hilton}, E.~J.},
    title = "{Trumpeting M dwarfs with CONCH-SHELL: a catalogue of nearby cool host-stars for habitable exoplanets and life}",
  journal = {MNRAS},
archivePrefix = "arXiv",
   eprint = {1406.7353},
 primaryClass = "astro-ph.SR",
 keywords = {astrobiology, techniques: spectroscopic, planets and satellites: detection, stars: fundamental parameters, stars: late-type, stars: low-mass},
     year = 2014,
    month = sep,
   volume = 443,
    pages = {2561-2578},
      doi = {10.1093/mnras/stu1313},
   adsurl = {http://adsabs.harvard.edu/abs/2014MNRAS.443.2561G},
  adsnote = {Provided by the SAO/NASA Astrophysics Data System}
}

@ARTICLE{dressing13,
   author = {{Dressing}, C.~D. and {Charbonneau}, D.},
    title = "{The Occurrence Rate of Small Planets around Small Stars}",
  journal = {ApJ},
archivePrefix = "arXiv",
   eprint = {1302.1647},
 primaryClass = "astro-ph.EP",
 keywords = {catalogs, methods: data analysis, planetary systems, stars: low-mass, surveys, techniques: photometric },
     year = 2013,
    month = apr,
   volume = 767,
      eid = {95},
    pages = {95},
      doi = {10.1088/0004-637X/767/1/95},
   adsurl = {http://adsabs.harvard.edu/abs/2013ApJ...767...95D},
  adsnote = {Provided by the SAO/NASA Astrophysics Data System}
}


@ARTICLE{dressing15a,
   author = {{Dressing}, C.~D. and {Charbonneau}, D.},
    title = "{The Occurrence of Potentially Habitable Planets Orbiting M Dwarfs Estimated from the Full Kepler Dataset and an Empirical Measurement of the Detection Sensitivity}",
  journal = {ApJ},
archivePrefix = "arXiv",
   eprint = {1501.01623},
 primaryClass = "astro-ph.EP",
 keywords = {catalogs, methods: data analysis, planetary systems, stars: low-mass, surveys, techniques: photometric},
     year = 2015,
    month = jul,
   volume = 807,
      eid = {45},
    pages = {45},
      doi = {10.1088/0004-637X/807/1/45},
   adsurl = {http://adsabs.harvard.edu/abs/2015ApJ...807...45D},
  adsnote = {Provided by the SAO/NASA Astrophysics Data System}
}

@ARTICLE{berta13,
   author = {{Berta}, Z.~K. and {Irwin}, J. and {Charbonneau}, D.},
    title = "{Constraints on Planet Occurrence around Nearby Mid-to-late M Dwarfs from the MEARTH Project}",
  journal = {ApJ},
archivePrefix = "arXiv",
   eprint = {1307.3178},
 primaryClass = "astro-ph.EP",
 keywords = {methods: statistical, planetary systems, planets and satellites: individual: GJ 1214b, stars: low-mass},
     year = 2013,
    month = oct,
   volume = 775,
      eid = {91},
    pages = {91},
      doi = {10.1088/0004-637X/775/2/91},
   adsurl = {http://adsabs.harvard.edu/abs/2013ApJ...775...91B},
  adsnote = {Provided by the SAO/NASA Astrophysics Data System}
}

@INPROCEEDINGS{henry09,
   author = {{Henry}, T.},
    title = "{Surveying the Neighborhood of the Sun}",
booktitle = {APS Southeastern Section Meeting Abstracts},
     year = 2009,
    month = nov,
    pages = {H2},
   adsurl = {http://adsabs.harvard.edu/abs/2009APS..SES.HB002H},
  adsnote = {Provided by the SAO/NASA Astrophysics Data System}
}

@ARTICLE{chabrier03,
   author = {{Chabrier}, G.},
    title = "{Galactic Stellar and Substellar Initial Mass Function}",
  journal = {PASP},
   eprint = {astro-ph/0304382},
 keywords = {Galaxies: Luminosity Function, Mass Function, Invited Reviews},
     year = 2003,
    month = jul,
   volume = 115,
    pages = {763-795},
      doi = {10.1086/376392},
   adsurl = {http://adsabs.harvard.edu/abs/2003PASP..115..763C},
  adsnote = {Provided by the SAO/NASA Astrophysics Data System}
}

@ARTICLE{barnes03,
   author = {{Barnes}, S.~A.},
    title = "{On the Rotational Evolution of Solar- and Late-Type Stars, Its Magnetic Origins, and the Possibility of Stellar Gyrochronology}",
  journal = {ApJ},
   eprint = {astro-ph/0303631},
 keywords = {Galaxy: Open Clusters and Associations: General, Stars: Evolution, Stars: Interiors, Stars: Late-Type, Stars: Magnetic Fields, Stars: Rotation},
     year = 2003,
    month = mar,
   volume = 586,
    pages = {464-479},
      doi = {10.1086/367639},
   adsurl = {http://adsabs.harvard.edu/abs/2003ApJ...586..464B},
  adsnote = {Provided by the SAO/NASA Astrophysics Data System}
}

@ARTICLE{skumanich72,
   author = {{Skumanich}, A.},
    title = "{Time Scales for CA II Emission Decay, Rotational Braking, and Lithium Depletion}",
  journal = {ApJ},
     year = 1972,
    month = feb,
   volume = 171,
    pages = {565},
      doi = {10.1086/151310},
   adsurl = {http://adsabs.harvard.edu/abs/1972ApJ...171..565S},
  adsnote = {Provided by the SAO/NASA Astrophysics Data System}
}

@ARTICLE{barnes07,
   author = {{Barnes}, S.~A.},
    title = "{Ages for Illustrative Field Stars Using Gyrochronology: Viability, Limitations, and Errors}",
  journal = {ApJ},
archivePrefix = "arXiv",
   eprint = {0704.3068},
 keywords = {Galaxy: Open Clusters and Associations: General, Stars: Activity, Stars: Evolution, Stars: Late-Type, Stars: Magnetic Fields, Stars: Rotation},
     year = 2007,
    month = nov,
   volume = 669,
    pages = {1167-1189},
      doi = {10.1086/519295},
   adsurl = {http://adsabs.harvard.edu/abs/2007ApJ...669.1167B},
  adsnote = {Provided by the SAO/NASA Astrophysics Data System}
}

@ARTICLE{malo14,
   author = {{Malo}, L. and {Artigau}, {\'E}. and {Doyon}, R. and {Lafreni{\`e}re}, D. and 
	{Albert}, L. and {Gagn{\'e}}, J.},
    title = "{BANYAN. III. Radial Velocity, Rotation, and X-Ray Emission of Low-mass Star Candidates in Nearby Young Kinematic Groups}",
  journal = {ApJ},
archivePrefix = "arXiv",
   eprint = {1402.6053},
 primaryClass = "astro-ph.SR",
 keywords = {solar neighborhood, stars: low-mass, stars: pre-main sequence, techniques: spectroscopic, techniques: spectroscopic},
     year = 2014,
    month = jun,
   volume = 788,
      eid = {81},
    pages = {81},
      doi = {10.1088/0004-637X/788/1/81},
   adsurl = {http://adsabs.harvard.edu/abs/2014ApJ...788...81M},
  adsnote = {Provided by the SAO/NASA Astrophysics Data System}
}

@ARTICLE{gregory07,
   author = {{Gregory}, P.~C.},
    title = "{A Bayesian periodogram finds evidence for three planets in HD 11964}",
  journal = {MNRAS},
archivePrefix = "arXiv",
   eprint = {0709.0970},
 keywords = {methods: numerical, methods: statistical, techniques: radial velocities, stars: individual: HD 11964, planetary systems},
     year = 2007,
    month = nov,
   volume = 381,
    pages = {1607-1616},
      doi = {10.1111/j.1365-2966.2007.12361.x},
   adsurl = {http://adsabs.harvard.edu/abs/2007MNRAS.381.1607G},
  adsnote = {Provided by the SAO/NASA Astrophysics Data System}
}

@ARTICLE{gregory05,
   author = {{Gregory}, P.~C.},
    title = "{A Bayesian Analysis of Extrasolar Planet Data for HD 73526}",
  journal = {ApJ},
 keywords = {Methods: Data Analysis, Stars: Planetary Systems, Stars: Individual: Henry Draper Number: HD 73526},
     year = 2005,
    month = oct,
   volume = 631,
    pages = {1198-1214},
      doi = {10.1086/432594},
   adsurl = {http://adsabs.harvard.edu/abs/2005ApJ...631.1198G},
  adsnote = {Provided by the SAO/NASA Astrophysics Data System}
}

@BOOK{gregory10,
   author = {{Gregory}, P.},
    title = "{Bayesian Logical Data Analysis for the Physical Sciences}",
booktitle = {Bayesian Logical Data Analysis for the Physical Sciences, by Phil Gregory, Cambridge, UK: Cambridge University Press, 2010},
     year = 2010,
    month = may,
   adsurl = {http://adsabs.harvard.edu/abs/2010blda.book.....G},
  adsnote = {Provided by the SAO/NASA Astrophysics Data System}
}

@BOOK{hilditch01,
   author = {{Hilditch}, R.~W.},
    title = "{An Introduction to Close Binary Stars}",
booktitle = {An Introduction to Close Binary Stars, by R.~W.~Hilditch, pp.~392.~ISBN 0521241065.~Cambridge, UK: Cambridge University Press, March 2001.},
     year = 2001,
    month = may,
   adsurl = {http://adsabs.harvard.edu/abs/2001icbs.book.....H},
  adsnote = {Provided by the SAO/NASA Astrophysics Data System}
}

@ARTICLE{bonfils13,
   author = {{Bonfils}, X. and {Delfosse}, X. and {Udry}, S. and {Forveille}, T. and 
	{Mayor}, M. and {Perrier}, C. and {Bouchy}, F. and {Gillon}, M. and 
	{Lovis}, C. and {Pepe}, F. and {Queloz}, D. and {Santos}, N.~C. and 
	{S{\'e}gransan}, D. and {Bertaux}, J.-L.},
    title = "{The HARPS search for southern extra-solar planets. XXXI. The M-dwarf sample}",
  journal = {A\&A},
archivePrefix = "arXiv",
   eprint = {1111.5019},
 primaryClass = "astro-ph.EP",
 keywords = {planetary systems, techniques: radial velocities, methods: data analysis},
     year = 2013,
    month = jan,
   volume = 549,
      eid = {A109},
    pages = {A109},
      doi = {10.1051/0004-6361/201014704},
   adsurl = {http://adsabs.harvard.edu/abs/2013A%26A...549A.109B},
  adsnote = {Provided by the SAO/NASA Astrophysics Data System}
}

@ARTICLE{schwarz16,
   author = {{Schwarz}, H. and {Ginski}, C. and {de Kok}, R.~J. and {Snellen}, I.~A.~G. and 
	{Brogi}, M. and {Birkby}, J.~L.},
    title = "{The slow spin of the young sub-stellar companion GQ Lupi b and its orbital configuration}",
  journal = {ArXiv e-prints},
archivePrefix = "arXiv",
   eprint = {1607.00012},
 primaryClass = "astro-ph.EP",
 keywords = {Astrophysics - Earth and Planetary Astrophysics},
     year = 2016,
    month = jun,
   adsurl = {http://adsabs.harvard.edu/abs/2016arXiv160700012S},
  adsnote = {Provided by the SAO/NASA Astrophysics Data System}
}

@ARTICLE{snellen14,
   author = {{Snellen}, I.~A.~G. and {Brandl}, B.~R. and {de Kok}, R.~J. and 
	{Brogi}, M. and {Birkby}, J. and {Schwarz}, H.},
    title = "{Fast spin of the young extrasolar planet {$\beta$} Pictoris b}",
  journal = {Nature},
     year = 2014,
    month = may,
   volume = 509,
    pages = {63-65},
      doi = {10.1038/nature13253},
   adsurl = {http://adsabs.harvard.edu/abs/2014Natur.509...63S},
  adsnote = {Provided by the SAO/NASA Astrophysics Data System}
}

@ARTICLE{snellen04,
   author = {{Snellen}, I.~A.~G.},
    title = "{A new method for probing the atmospheres of transiting exoplanets}",
  journal = {MNRAS},
   eprint = {astro-ph/0403101},
 keywords = {techniques: spectroscopic, binaries: eclipsing, stars: individual: HD 209458, planetary systems},
     year = 2004,
    month = sep,
   volume = 353,
    pages = {L1-L6},
      doi = {10.1111/j.1365-2966.2004.08169.x},
   adsurl = {http://adsabs.harvard.edu/abs/2004MNRAS.353L...1S},
  adsnote = {Provided by the SAO/NASA Astrophysics Data System}
}

@ARTICLE{digloria15,
   author = {{Di Gloria}, E. and {Snellen}, I.~A.~G. and {Albrecht}, S.},
    title = "{Using the chromatic Rossiter-McLaughlin effect to probe the broadband signature in the optical transmission spectrum of HD 189733b}",
  journal = {A\&A},
archivePrefix = "arXiv",
   eprint = {1507.08070},
 primaryClass = "astro-ph.EP",
 keywords = {planets and satellites: atmospheres, techniques: radial velocities, methods: observational},
     year = 2015,
    month = aug,
   volume = 580,
      eid = {A84},
    pages = {A84},
      doi = {10.1051/0004-6361/201526218},
   adsurl = {http://adsabs.harvard.edu/abs/2015A%26A...580A..84D},
  adsnote = {Provided by the SAO/NASA Astrophysics Data System}
}

@ARTICLE{scargle82,
   author = {{Scargle}, J.~D.},
    title = "{Studies in astronomical time series analysis. II - Statistical aspects of spectral analysis of unevenly spaced data}",
  journal = {ApJ},
 keywords = {Astronomy, Signal Detection, Spectrum Analysis, Statistical Distributions, Time Series Analysis, Fourier Transformation, Frequency Response, Power Spectra, Signal To Noise Ratios},
     year = 1982,
    month = dec,
   volume = 263,
    pages = {835-853},
      doi = {10.1086/160554},
   adsurl = {http://adsabs.harvard.edu/abs/1982ApJ...263..835S},
  adsnote = {Provided by the SAO/NASA Astrophysics Data System}
}


@ARTICLE{gilliland87,
   author = {{Gilliland}, R.~L. and {Baliunas}, S.~L.},
    title = "{Objective characterization of stellar activity cycles. I - Methods and solar cycle analyses}",
  journal = {ApJ},
 keywords = {Chromosphere, Solar Cycles, Stellar Activity, Calcium, Emission Spectra, Late Stars, Long Term Effects, Power Spectra, Solar Corona, Sunspots},
     year = 1987,
    month = mar,
   volume = 314,
    pages = {766-781},
      doi = {10.1086/165103},
   adsurl = {http://adsabs.harvard.edu/abs/1987ApJ...314..766G},
  adsnote = {Provided by the SAO/NASA Astrophysics Data System}
}

@ARTICLE{mayor04,
   author = {{Mayor}, M. and {Udry}, S. and {Naef}, D. and {Pepe}, F. and 
	{Queloz}, D. and {Santos}, N.~C. and {Burnet}, M.},
    title = "{The CORALIE survey for southern extra-solar planets. XII. Orbital solutions for 16 extra-solar planets discovered with CORALIE}",
  journal = {A\&A},
   eprint = {astro-ph/0310316},
 keywords = {techniques: radial velocities, techniques: spectroscopic, stars: activity, stars: planetary systems},
     year = 2004,
    month = feb,
   volume = 415,
    pages = {391-402},
      doi = {10.1051/0004-6361:20034250},
   adsurl = {http://adsabs.harvard.edu/abs/2004A%26A...415..391M},
  adsnote = {Provided by the SAO/NASA Astrophysics Data System}
}

@INPROCEEDINGS{perruchot11,
   author = {{Perruchot}, S. and {Bouchy}, F. and {Chazelas}, B. and {D{\'{\i}}az}, R.~F. and 
	{H{\'e}brard}, G. and {Arnaud}, K. and {Arnold}, L. and {Avila}, G. and 
	{Delfosse}, X. and {Boisse}, I. and {Moreaux}, G. and {Pepe}, F. and 
	{Richaud}, Y. and {Santerne}, A. and {Sottile}, R. and {T{\'e}zier}, D.
	},
    title = "{Higher-precision radial velocity measurements with the SOPHIE spectrograph using octagonal-section fibers}",
booktitle = {Society of Photo-Optical Instrumentation Engineers (SPIE) Conference Series},
     year = 2011,
   series = {Society of Photo-Optical Instrumentation Engineers (SPIE) Conference Series},
   volume = 8151,
archivePrefix = "arXiv",
   eprint = {1110.2256},
 primaryClass = "astro-ph.IM",
    month = oct,
      eid = {815115},
    pages = {15},
      doi = {10.1117/12.892466},
   adsurl = {http://adsabs.harvard.edu/abs/2011SPIE.8151E..15P},
  adsnote = {Provided by the SAO/NASA Astrophysics Data System}
}

%%%%%%%%%%%%%%%%%%%%%%%%%%%%%%%%%%%%%%%%%%%%%%%%%%%%%%%%%%%%%%%%%%%%%
%% terrestrail planet detections via RV
@ARTICLE{rivera05,
   author = {{Rivera}, E.~J. and {Lissauer}, J.~J. and {Butler}, R.~P. and 
	{Marcy}, G.~W. and {Vogt}, S.~S. and {Fischer}, D.~A. and {Brown}, T.~M. and 
	{Laughlin}, G. and {Henry}, G.~W.},
    title = "{A \~{}7.5 M$_{⊕}$ Planet Orbiting the Nearby Star, GJ 876}",
  journal = {ApJ},
   eprint = {astro-ph/0510508},
 keywords = {Stars: Planetary Systems, Planets and Satellites: General, Stars: Individual: Alphanumeric: GJ 876},
     year = 2005,
    month = nov,
   volume = 634,
    pages = {625-640},
      doi = {10.1086/491669},
   adsurl = {http://adsabs.harvard.edu/abs/2005ApJ...634..625R},
  adsnote = {Provided by the SAO/NASA Astrophysics Data System}
}

@ARTICLE{lovis06,
   author = {{Lovis}, C. and {Mayor}, M. and {Pepe}, F. and {Alibert}, Y. and 
	{Benz}, W. and {Bouchy}, F. and {Correia}, A.~C.~M. and {Laskar}, J. and 
	{Mordasini}, C. and {Queloz}, D. and {Santos}, N.~C. and {Udry}, S. and 
	{Bertaux}, J.-L. and {Sivan}, J.-P.},
    title = "{An extrasolar planetary system with three Neptune-mass planets}",
  journal = {Nature},
   eprint = {astro-ph/0703024},
     year = 2006,
    month = may,
   volume = 441,
    pages = {305-309},
      doi = {10.1038/nature04828},
   adsurl = {http://adsabs.harvard.edu/abs/2006Natur.441..305L},
  adsnote = {Provided by the SAO/NASA Astrophysics Data System}
}

@ARTICLE{mayor09,
   author = {{Mayor}, M. and {Udry}, S. and {Lovis}, C. and {Pepe}, F. and 
	{Queloz}, D. and {Benz}, W. and {Bertaux}, J.-L. and {Bouchy}, F. and 
	{Mordasini}, C. and {Segransan}, D.},
    title = "{The HARPS search for southern extra-solar planets. XIII. A planetary system with 3 super-Earths (4.2, 6.9, and 9.2 M$_{⊕}$)}",
  journal = {A\&A},
archivePrefix = "arXiv",
   eprint = {0806.4587},
 keywords = {stars: individual: HD 40307, stars: planetary systems, techniques: radial velocities, methods: observational},
     year = 2009,
    month = jan,
   volume = 493,
    pages = {639-644},
      doi = {10.1051/0004-6361:200810451},
   adsurl = {http://adsabs.harvard.edu/abs/2009A%26A...493..639M},
  adsnote = {Provided by the SAO/NASA Astrophysics Data System}
}

@ARTICLE{udry07,
   author = {{Udry}, S. and {Bonfils}, X. and {Delfosse}, X. and {Forveille}, T. and 
	{Mayor}, M. and {Perrier}, C. and {Bouchy}, F. and {Lovis}, C. and 
	{Pepe}, F. and {Queloz}, D. and {Bertaux}, J.-L.},
    title = "{The HARPS search for southern extra-solar planets. XI. Super-Earths (5 and 8 Mearth) in a 3-planet system}",
  journal = {A\&A},
archivePrefix = "arXiv",
   eprint = {0704.3841},
 keywords = {stars: individual: <ASTROBJ>Gl 581</ASTROBJ>, stars: planetary systems, techniques: radial velocities, methods: observational},
     year = 2007,
    month = jul,
   volume = 469,
    pages = {L43-L47},
      doi = {10.1051/0004-6361:20077612},
   adsurl = {http://adsabs.harvard.edu/abs/2007A%26A...469L..43U},
  adsnote = {Provided by the SAO/NASA Astrophysics Data System}
}
%%%%%%%%%%%%%%%%%%%%%%%%%%%%%%%%%%%%%%%%%%%%%%%%%%%%%%%%%%%%%%%%%%%

@ARTICLE{seager07,
   author = {{Seager}, S. and {Kuchner}, M. and {Hier-Majumder}, C.~A. and 
	{Militzer}, B.},
    title = "{Mass-Radius Relationships for Solid Exoplanets}",
  journal = {ApJ},
archivePrefix = "arXiv",
   eprint = {0707.2895},
 keywords = {Equation of State, Stars: Planetary Systems, Planets and Satellites: General},
     year = 2007,
    month = nov,
   volume = 669,
    pages = {1279-1297},
      doi = {10.1086/521346},
   adsurl = {http://adsabs.harvard.edu/abs/2007ApJ...669.1279S},
  adsnote = {Provided by the SAO/NASA Astrophysics Data System}
}

@ARTICLE{triaud11,
   author = {{Triaud}, A.~H.~M.~J. and {Queloz}, D. and {Hellier}, C. and 
	{Gillon}, M. and {Smalley}, B. and {Hebb}, L. and {Collier Cameron}, A. and 
	{Anderson}, D. and {Boisse}, I. and {H{\'e}brard}, G. and {Jehin}, E. and 
	{Lister}, T. and {Lovis}, C. and {Maxted}, P.~F.~L. and {Pepe}, F. and 
	{Pollacco}, D. and {S{\'e}gransan}, D. and {Simpson}, E. and 
	{Udry}, S. and {West}, R.},
    title = "{WASP-23b: a transiting hot Jupiter around a K dwarf and its Rossiter-McLaughlin effect}",
  journal = {A\&A},
archivePrefix = "arXiv",
   eprint = {1103.2603},
 primaryClass = "astro-ph.EP",
 keywords = {binaries: eclipsing, planetary systems, stars: individual: WASP-23, techniques: spectroscopic, techniques: photometric, stars: rotation},
     year = 2011,
    month = jul,
   volume = 531,
      eid = {A24},
    pages = {A24},
      doi = {10.1051/0004-6361/201016367},
   adsurl = {http://adsabs.harvard.edu/abs/2011A%26A...531A..24T},
  adsnote = {Provided by the SAO/NASA Astrophysics Data System}
}

@ARTICLE{pont11,
   author = {{Pont}, F. and {Husnoo}, N. and {Mazeh}, T. and {Fabrycky}, D.
	},
    title = "{Determining eccentricities of transiting planets: a divide in the mass-period plane}",
  journal = {MNRAS},
archivePrefix = "arXiv",
   eprint = {1103.2081},
 primaryClass = "astro-ph.EP",
 keywords = {planetary systems},
     year = 2011,
    month = jun,
   volume = 414,
    pages = {1278-1284},
      doi = {10.1111/j.1365-2966.2011.18462.x},
   adsurl = {http://adsabs.harvard.edu/abs/2011MNRAS.414.1278P},
  adsnote = {Provided by the SAO/NASA Astrophysics Data System}
}

@ARTICLE{lucy71,
   author = {{Lucy}, L.~B. and {Sweeney}, M.~A.},
    title = "{Spectroscopic binaries with circular orbits.}",
  journal = {\aj},
     year = 1971,
    month = aug,
   volume = 76,
    pages = {544-556},
      doi = {10.1086/111159},
   adsurl = {http://adsabs.harvard.edu/abs/1971AJ.....76..544L},
  adsnote = {Provided by the SAO/NASA Astrophysics Data System}
}

@INPROCEEDINGS{winn11,
   author = {{Winn}, J.~N.},
    title = "{The Rossiter-McLaughlin effect for exoplanets}",
 keywords = {stars: rotation, planetary systems, planetary systems: formation},
booktitle = {IAU Symposium},
     year = 2011,
   series = {IAU Symposium},
   volume = 276,
   editor = {{Sozzetti}, A. and {Lattanzi}, M.~G. and {Boss}, A.~P.},
    month = nov,
    pages = {230-237},
      doi = {10.1017/S1743921311020230},
   adsurl = {http://adsabs.harvard.edu/abs/2011IAUS..276..230W},
  adsnote = {Provided by the SAO/NASA Astrophysics Data System}
}

@ARTICLE{young67,
   author = {{Young}, A.~T. and {Irvine}, W.~M.},
    title = "{Multicolor photoelectric photometry of the brighter planets. I. Program and Procedure}",
  journal = {\aj},
     year = 1967,
    month = oct,
   volume = 72,
    pages = {945},
      doi = {10.1086/110366},
   adsurl = {http://adsabs.harvard.edu/abs/1967AJ.....72..945Y},
  adsnote = {Provided by the SAO/NASA Astrophysics Data System}
}

@ARTICLE{moutou15,
   author = {{Moutou}, C. and {Boisse}, I. and {Hebrard}, G. and {Hebrard}, E. and 
	{Donati}, J.-F. and {Delfosse}, X. and {Kouach}, D.},
    title = "{SPIRou: a spectropolarimeter for the CFHT}",
  journal = {ArXiv e-prints},
archivePrefix = "arXiv",
   eprint = {1510.01368},
 primaryClass = "astro-ph.IM",
 keywords = {Astrophysics - Instrumentation and Methods for Astrophysics, Astrophysics - Earth and Planetary Astrophysics},
     year = 2015,
    month = oct,
   adsurl = {http://adsabs.harvard.edu/abs/2015arXiv151001368M},
  adsnote = {Provided by the SAO/NASA Astrophysics Data System}
}

@INPROCEEDINGS{doyon12,
   author = {{Doyon}, R. and {Hutchings}, J.~B. and {Beaulieu}, M. and {Albert}, L. and 
	{Lafreni{\`e}re}, D. and {Willott}, C. and {Touahri}, D. and 
	{Rowlands}, N. and {Maszkiewicz}, M. and {Fullerton}, A.~W. and 
	{Volk}, K. and {Martel}, A.~R. and {Chayer}, P. and {Sivaramakrishnan}, A. and 
	{Abraham}, R. and {Ferrarese}, L. and {Jayawardhana}, R. and 
	{Johnstone}, D. and {Meyer}, M. and {Pipher}, J.~L. and {Sawicki}, M.
	},
    title = "{The JWST Fine Guidance Sensor (FGS) and Near-Infrared Imager and Slitless Spectrograph (NIRISS)}",
booktitle = {Society of Photo-Optical Instrumentation Engineers (SPIE) Conference Series},
     year = 2012,
   series = {Society of Photo-Optical Instrumentation Engineers (SPIE) Conference Series},
   volume = 8442,
    month = sep,
      eid = {84422R},
    pages = {2},
      doi = {10.1117/12.926578},
   adsurl = {http://adsabs.harvard.edu/abs/2012SPIE.8442E..2RD},
  adsnote = {Provided by the SAO/NASA Astrophysics Data System}
}

@ARTICLE{cloutier15,
   author = {{Cloutier}, R. and {Tamayo}, D. and {Valencia}, D.},
    title = "{Could Jupiter or Saturn Have Ejected a Fifth Giant Planet?}",
  journal = {ApJ},
archivePrefix = "arXiv",
   eprint = {1509.05397},
 primaryClass = "astro-ph.EP",
 keywords = {methods: numerical, planets and satellites: dynamical evolution and stability},
     year = 2015,
    month = nov,
   volume = 813,
      eid = {8},
    pages = {8},
      doi = {10.1088/0004-637X/813/1/8},
   adsurl = {http://adsabs.harvard.edu/abs/2015ApJ...813....8C},
  adsnote = {Provided by the SAO/NASA Astrophysics Data System}
}

@ARTICLE{angus15,
   author = {{Angus}, R. and {Aigrain}, S. and {Foreman-Mackey}, D.},
    title = "{Probabilistic stellar rotation periods with Gaussian processes}",
  journal = {IAU General Assembly},
     year = 2015,
    month = aug,
   volume = 22,
      eid = {2258396},
    pages = {2258396},
   adsurl = {http://adsabs.harvard.edu/abs/2015IAUGA..2258396A},
  adsnote = {Provided by the SAO/NASA Astrophysics Data System}
}

@ARTICLE{lovis05,
   author = {{Lovis}, C. and {Mayor}, M. and {Bouchy}, F. and {Pepe}, F. and 
	{Queloz}, D. and {Santos}, N.~C. and {Udry}, S. and {Benz}, W. and 
	{Bertaux}, J.-L. and {Mordasini}, C. and {Sivan}, J.-P.},
    title = "{The HARPS search for southern extra-solar planets. III. Three Saturn-mass planets around HD 93083, HD 101930 and HD 102117}",
  journal = {A\&A},
   eprint = {astro-ph/0503660},
 keywords = {stars: individual: HD 93083, stars: individual: HD 101930, stars: individual: HD 102117, stars: planetary systems, techniques: radial velocities, techniques: spectroscopic},
     year = 2005,
    month = jul,
   volume = 437,
    pages = {1121-1126},
      doi = {10.1051/0004-6361:20052864},
   adsurl = {http://adsabs.harvard.edu/abs/2005A%26A...437.1121L},
  adsnote = {Provided by the SAO/NASA Astrophysics Data System}
}

%%%%%%%%%%%%%%%%%%%%%%%%%%%%%%%%%%%%%%%%%%%%%%%%%%%%%%%%%%%%
% differential rotation
@ARTICLE{henry95,
   author = {{Henry}, G.~W. and {Eaton}, J.~A. and {Hamer}, J. and {Hall}, D.~S.
	},
    title = "{Starspot evolution, differential rotation, and magnetic cycles in the chromospherically active binaries lambda andromedae, sigma Geminorum, II Pegasi, and V711 Tauri}",
  journal = {ApJS},
 keywords = {Binary Stars, Brightness, Chromosphere, Starspots, Stellar Color, Stellar Evolution, Stellar Magnetic Fields, Stellar Rotation, Astronomical Photometry, Electrophotometers, Light Curve, Stellar Magnitude, Sunspot Cycle},
     year = 1995,
    month = apr,
   volume = 97,
    pages = {513-549},
      doi = {10.1086/192149},
   adsurl = {http://adsabs.harvard.edu/abs/1995ApJS...97..513H},
  adsnote = {Provided by the SAO/NASA Astrophysics Data System}
}

@ARTICLE{rucinski04,
   author = {{Rucinski}, S.~M. and {Walker}, G.~A.~H. and {Matthews}, J.~M. and 
	{Kuschnig}, R. and {Shkolnik}, E. and {Marchenko}, S. and {Bohlender}, D.~A. and 
	{Guenther}, D.~B. and {Moffat}, A.~F.~J. and {Sasselov}, D. and 
	{Weiss}, W.~W.},
    title = "{Differential Rotation of the Active G5 V Star {$\kappa$}$^{1}$ Ceti: Photometry from the MOST Satellite}",
  journal = {PASP},
   eprint = {astro-ph/0410533},
 keywords = {Stars: Activity, stars: individual ({$\kappa$}1 Ceti), Stars: Late-Type, Stars: Spots, Stars: Rotation, Stars: Oscillations},
     year = 2004,
    month = dec,
   volume = 116,
    pages = {1093-1104},
      doi = {10.1086/426928},
   adsurl = {http://adsabs.harvard.edu/abs/2004PASP..116.1093R},
  adsnote = {Provided by the SAO/NASA Astrophysics Data System}
}

@ARTICLE{herbst06,
   author = {{Herbst}, W. and {Dhital}, S. and {Francis}, A. and {Lin}, L. and 
	{Tresser}, N. and {Williams}, E.},
    title = "{Evidence for Differential Rotation on a T Tauri Star}",
  journal = {PASP},
   eprint = {astro-ph/0606164},
 keywords = {Stars: Pre-Main-Sequence, Stars: Rotation, Stars: Spots},
     year = 2006,
    month = jun,
   volume = 118,
    pages = {828-832},
      doi = {10.1086/506481},
   adsurl = {http://adsabs.harvard.edu/abs/2006PASP..118..828H},
  adsnote = {Provided by the SAO/NASA Astrophysics Data System}
}
%%%%%%%%%%%%%%%%%%%%%%%%%%%%%%%%%%%%%%%%%%%%%%%%%%%%%%%%%%%%

@ARTICLE{hogg10,
   author = {{Hogg}, D.~W. and {Bovy}, J. and {Lang}, D.},
    title = "{Data analysis recipes: Fitting a model to data}",
  journal = {ArXiv e-prints},
archivePrefix = "arXiv",
   eprint = {1008.4686},
 primaryClass = "astro-ph.IM",
 keywords = {Astrophysics - Instrumentation and Methods for Astrophysics, Physics - Data Analysis, Statistics and Probability},
     year = 2010,
    month = aug,
   adsurl = {http://adsabs.harvard.edu/abs/2010arXiv1008.4686H},
  adsnote = {Provided by the SAO/NASA Astrophysics Data System}
}

@ARTICLE{southworth11,
   author = {{Southworth}, J.},
    title = "{Homogeneous studies of transiting extrasolar planets - IV. Thirty systems with space-based light curves}",
  journal = {MNRAS},
archivePrefix = "arXiv",
   eprint = {1107.1235},
 primaryClass = "astro-ph.EP",
 keywords = {binaries: eclipsing, binaries: spectroscopic, stars: fundamental parameters, planetary systems},
     year = 2011,
    month = nov,
   volume = 417,
    pages = {2166-2196},
      doi = {10.1111/j.1365-2966.2011.19399.x},
   adsurl = {http://adsabs.harvard.edu/abs/2011MNRAS.417.2166S},
  adsnote = {Provided by the SAO/NASA Astrophysics Data System}
}

@ARTICLE{fabrycky09,
   author = {{Fabrycky}, D.~C. and {Winn}, J.~N.},
    title = "{Exoplanetary Spin-Orbit Alignment: Results from the Ensemble of Rossiter-McLaughlin Observations}",
  journal = {ApJ},
archivePrefix = "arXiv",
   eprint = {0902.0737},
 primaryClass = "astro-ph.EP",
 keywords = {celestial mechanics, methods: statistical, planetary systems, stars: rotation},
     year = 2009,
    month = may,
   volume = 696,
    pages = {1230-1240},
      doi = {10.1088/0004-637X/696/2/1230},
   adsurl = {http://adsabs.harvard.edu/abs/2009ApJ...696.1230F},
  adsnote = {Provided by the SAO/NASA Astrophysics Data System}
}

@ARTICLE{beck05,
   author = {{Beck}, J.~G. and {Giles}, P.},
    title = "{Helioseismic Determination of the Solar Rotation Axis}",
  journal = {ApJL},
 keywords = {Sun: Helioseismology, Sun: Rotation},
     year = 2005,
    month = mar,
   volume = 621,
    pages = {L153-L156},
      doi = {10.1086/429224},
   adsurl = {http://adsabs.harvard.edu/abs/2005ApJ...621L.153B},
  adsnote = {Provided by the SAO/NASA Astrophysics Data System}
}

@ARTICLE{foremanmackey13,
   author = {{Foreman-Mackey}, D. and {Hogg}, D.~W. and {Lang}, D. and {Goodman}, J.
	},
    title = "{emcee: The MCMC Hammer}",
  journal = {PASP},
archivePrefix = "arXiv",
   eprint = {1202.3665},
 primaryClass = "astro-ph.IM",
 keywords = {Data Analysis and Techniques},
     year = 2013,
    month = mar,
   volume = 125,
    pages = {306-312},
      doi = {10.1086/670067},
   adsurl = {http://adsabs.harvard.edu/abs/2013PASP..125..306F},
  adsnote = {Provided by the SAO/NASA Astrophysics Data System}
}

@MISC{foremanmackey15b,
   author = {{Foreman-Mackey}, D.},
    title = "{George: Gaussian Process regression}",
howpublished = {Astrophysics Source Code Library},
     year = 2015,
    month = nov,
archivePrefix = "ascl",
   eprint = {1511.015},
   adsurl = {http://adsabs.harvard.edu/abs/2015ascl.soft11015F},
  adsnote = {Provided by the SAO/NASA Astrophysics Data System}
}

@ARTICLE{foremanmackey15,
       author = {{Foreman-Mackey}, Daniel and {Montet}, Benjamin T. and {Hogg}, David W. and
         {Morton}, Timothy D. and {Wang}, Dun and {Sch{\"o}lkopf}, Bernhard},
        title = "{A Systematic Search for Transiting Planets in the K2 Data}",
      journal = {ApJ},
     keywords = {catalogs, methods: data analysis, methods: statistical, planetary systems, stars: statistics, Astrophysics - Earth and Planetary Astrophysics, Astrophysics - Instrumentation and Methods for Astrophysics},
         year = "2015",
        month = "Jun",
       volume = {806},
          eid = {215},
        pages = {215},
          doi = {10.1088/0004-637X/806/2/215},
archivePrefix = {arXiv},
       eprint = {1502.04715},
 primaryClass = {astro-ph.EP},
       adsurl = {https://ui.adsabs.harvard.edu/\#abs/2015ApJ...806..215F},
      adsnote = {Provided by the SAO/NASA Astrophysics Data System}
}


@ARTICLE{ambikasaran14,
   author = {{Ambikasaran}, S. and {Foreman-Mackey}, D. and {Greengard}, L. and 
	{Hogg}, D.~W. and {O'Neil}, M.},
    title = "{Fast Direct Methods for Gaussian Processes}",
  journal = {ArXiv e-prints},
archivePrefix = "arXiv",
   eprint = {1403.6015},
 primaryClass = "math.NA",
 keywords = {Mathematics - Numerical Analysis, Astrophysics - Instrumentation and Methods for Astrophysics, Mathematics - Statistics Theory},
     year = 2014,
    month = mar,
   adsurl = {http://adsabs.harvard.edu/abs/2014arXiv1403.6015A},
  adsnote = {Provided by the SAO/NASA Astrophysics Data System}
}


@ARTICLE{berta15,
   author = {{Berta-Thompson}, Z.~K. and {Irwin}, J. and {Charbonneau}, D. and 
	{Newton}, E.~R. and {Dittmann}, J.~A. and {Astudillo-Defru}, N. and 
	{Bonfils}, X. and {Gillon}, M. and {Jehin}, E. and {Stark}, A.~A. and 
	{Stalder}, B. and {Bouchy}, F. and {Delfosse}, X. and {Forveille}, T. and 
	{Lovis}, C. and {Mayor}, M. and {Neves}, V. and {Pepe}, F. and 
	{Santos}, N.~C. and {Udry}, S. and {W{\"u}nsche}, A.},
    title = "{A rocky planet transiting a nearby low-mass star}",
  journal = {Nature},
archivePrefix = "arXiv",
   eprint = {1511.03550},
 primaryClass = "astro-ph.EP",
     year = 2015,
    month = nov,
   volume = 527,
    pages = {204-207},
      doi = {10.1038/nature15762},
   adsurl = {http://adsabs.harvard.edu/abs/2015Natur.527..204B},
  adsnote = {Provided by the SAO/NASA Astrophysics Data System}
}

%%%%%%%%%%%%%%%%%%%%%%%%%%%%%%%%%%%%%%%%
%% HZ
@ARTICLE{kopparapu14,
   author = {{Kopparapu}, R.~K. and {Ramirez}, R.~M. and {SchottelKotte}, J. and 
	{Kasting}, J.~F. and {Domagal-Goldman}, S. and {Eymet}, V.},
    title = "{Habitable Zones around Main-sequence Stars: Dependence on Planetary Mass}",
  journal = {ApJL},
archivePrefix = "arXiv",
   eprint = {1404.5292},
 primaryClass = "astro-ph.EP",
 keywords = {planets and satellites: atmospheres},
     year = 2014,
    month = jun,
   volume = 787,
      eid = {L29},
    pages = {L29},
      doi = {10.1088/2041-8205/787/2/L29},
   adsurl = {http://adsabs.harvard.edu/abs/2014ApJ...787L..29K},
  adsnote = {Provided by the SAO/NASA Astrophysics Data System}
}

@ARTICLE{kopparapu13,
   author = {{Kopparapu}, R.~K. and {Ramirez}, R. and {Kasting}, J.~F. and 
	{Eymet}, V. and {Robinson}, T.~D. and {Mahadevan}, S. and {Terrien}, R.~C. and 
	{Domagal-Goldman}, S. and {Meadows}, V. and {Deshpande}, R.},
    title = "{Habitable Zones around Main-sequence Stars: New Estimates}",
  journal = {ApJ},
archivePrefix = "arXiv",
   eprint = {1301.6674},
 primaryClass = "astro-ph.EP",
 keywords = {planetary systems },
     year = 2013,
    month = mar,
   volume = 765,
      eid = {131},
    pages = {131},
      doi = {10.1088/0004-637X/765/2/131},
   adsurl = {http://adsabs.harvard.edu/abs/2013ApJ...765..131K},
  adsnote = {Provided by the SAO/NASA Astrophysics Data System}
}

@ARTICLE{kasting93,
   author = {{Kasting}, J.~F. and {Whitmire}, D.~P. and {Reynolds}, R.~T.
	},
    title = "{Habitable Zones around Main Sequence Stars}",
  journal = {Icarus},
     year = 1993,
    month = jan,
   volume = 101,
    pages = {108-128},
      doi = {10.1006/icar.1993.1010},
   adsurl = {http://adsabs.harvard.edu/abs/1993Icar..101..108K},
  adsnote = {Provided by the SAO/NASA Astrophysics Data System}
}

@ARTICLE{yang13,
   author = {{Yang}, J. and {Cowan}, N.~B. and {Abbot}, D.~S.},
    title = "{Stabilizing Cloud Feedback Dramatically Expands the Habitable Zone of Tidally Locked Planets}",
  journal = {ApJL},
archivePrefix = "arXiv",
   eprint = {1307.0515},
 primaryClass = "astro-ph.EP",
 keywords = {astrobiology, planets and satellites: atmospheres, stars: low-mass },
     year = 2013,
    month = jul,
   volume = 771,
      eid = {L45},
    pages = {L45},
      doi = {10.1088/2041-8205/771/2/L45},
   adsurl = {http://adsabs.harvard.edu/abs/2013ApJ...771L..45Y},
  adsnote = {Provided by the SAO/NASA Astrophysics Data System}
}

@ARTICLE{yang14,
   author = {{Yang}, J. and {Bou{\'e}}, G. and {Fabrycky}, D.~C. and {Abbot}, D.~S.
	},
    title = "{Strong Dependence of the Inner Edge of the Habitable Zone on Planetary Rotation Rate}",
  journal = {ApJL},
archivePrefix = "arXiv",
   eprint = {1404.4992},
 primaryClass = "astro-ph.EP",
 keywords = {astrobiology, planets and satellites: atmospheres, planets and satellites: detection},
     year = 2014,
    month = may,
   volume = 787,
      eid = {L2},
    pages = {L2},
      doi = {10.1088/2041-8205/787/1/L2},
   adsurl = {http://adsabs.harvard.edu/abs/2014ApJ...787L...2Y},
  adsnote = {Provided by the SAO/NASA Astrophysics Data System}
}

@BOOK{dole64,
   author = {{Dole}, S.~H.},
    title = "{Habitable planets for man}",
 keywords = {LIFE ON OTHER PLANETS},
booktitle = {New York, Blaisdell Pub.~Co.~[1964] [1st ed.].},
     year = 1964,
   adsurl = {http://adsabs.harvard.edu/abs/1964hpfm.book.....D},
  adsnote = {Provided by the SAO/NASA Astrophysics Data System}
}

@ARTICLE{hart79,
   author = {{Hart}, M.~H.},
    title = "{Habitable Zones about Main Sequence Stars}",
  journal = {Icarus},
 keywords = {STARS, MASS, SUN, SIMULATIONS, HABITABLE ZONES},
     year = 1979,
    month = jan,
   volume = 37,
    pages = {351-357},
      doi = {10.1016/0019-1035(79)90141-6},
   adsurl = {http://adsabs.harvard.edu/abs/1979Icar...37..351H},
  adsnote = {Provided by the SAO/NASA Astrophysics Data System}
}

@ARTICLE{vladilo13,
   author = {{Vladilo}, G. and {Murante}, G. and {Silva}, L. and {Provenzale}, A. and 
	{Ferri}, G. and {Ragazzini}, G.},
    title = "{The Habitable Zone of Earth-like Planets with Different Levels of Atmospheric Pressure}",
  journal = {ApJ},
archivePrefix = "arXiv",
   eprint = {1302.4566},
 primaryClass = "astro-ph.EP",
 keywords = {astrobiology, planetary systems},
     year = 2013,
    month = apr,
   volume = 767,
      eid = {65},
    pages = {65},
      doi = {10.1088/0004-637X/767/1/65},
   adsurl = {http://adsabs.harvard.edu/abs/2013ApJ...767...65V},
  adsnote = {Provided by the SAO/NASA Astrophysics Data System}
}

@ARTICLE{selsis07,
   author = {{Selsis}, F. and {Kasting}, J.~F. and {Levrard}, B. and {Paillet}, J. and 
	{Ribas}, I. and {Delfosse}, X.},
    title = "{Habitable planets around the star Gliese 581?}",
  journal = {A\&A},
archivePrefix = "arXiv",
   eprint = {0710.5294},
 keywords = {astrobiology, atmospheric effects, stars: planetary systems},
     year = 2007,
    month = dec,
   volume = 476,
    pages = {1373-1387},
      doi = {10.1051/0004-6361:20078091},
   adsurl = {http://adsabs.harvard.edu/abs/2007A%26A...476.1373S},
  adsnote = {Provided by the SAO/NASA Astrophysics Data System}
}

@ARTICLE{williams97,
   author = {{Williams}, D.~M. and {Kasting}, J.~F.},
    title = "{Habitable Planets with High Obliquities}",
  journal = {Icarus},
     year = 1997,
    month = sep,
   volume = 129,
    pages = {254-267},
      doi = {10.1006/icar.1997.5759},
   adsurl = {http://adsabs.harvard.edu/abs/1997Icar..129..254W},
  adsnote = {Provided by the SAO/NASA Astrophysics Data System}
}

@ARTICLE{spiegel08,
   author = {{Spiegel}, D.~S. and {Menou}, K. and {Scharf}, C.~A.},
    title = "{Habitable Climates}",
  journal = {ApJ},
archivePrefix = "arXiv",
   eprint = {0711.4856},
 keywords = {Astrobiology, Stars: Planetary Systems, Radiative Transfer},
     year = 2008,
    month = jul,
   volume = 681,
    pages = {1609-1623},
      doi = {10.1086/588089},
   adsurl = {http://adsabs.harvard.edu/abs/2008ApJ...681.1609S},
  adsnote = {Provided by the SAO/NASA Astrophysics Data System}
}

@ARTICLE{spiegel09,
   author = {{Spiegel}, D.~S. and {Menou}, K. and {Scharf}, C.~A.},
    title = "{Habitable Climates: The Influence of Obliquity}",
  journal = {ApJ},
archivePrefix = "arXiv",
   eprint = {0807.4180},
 keywords = {astrobiology, planetary systems, radiative transfer},
     year = 2009,
    month = jan,
   volume = 691,
    pages = {596-610},
      doi = {10.1088/0004-637X/691/1/596},
   adsurl = {http://adsabs.harvard.edu/abs/2009ApJ...691..596S},
  adsnote = {Provided by the SAO/NASA Astrophysics Data System}
}

@ARTICLE{dressing10,
   author = {{Dressing}, C.~D. and {Spiegel}, D.~S. and {Scharf}, C.~A. and 
	{Menou}, K. and {Raymond}, S.~N.},
    title = "{Habitable Climates: The Influence of Eccentricity}",
  journal = {ApJ},
archivePrefix = "arXiv",
   eprint = {1002.4875},
 primaryClass = "astro-ph.EP",
 keywords = {astrobiology, planetary systems, radiative transfer},
     year = 2010,
    month = oct,
   volume = 721,
    pages = {1295-1307},
      doi = {10.1088/0004-637X/721/2/1295},
   adsurl = {http://adsabs.harvard.edu/abs/2010ApJ...721.1295D},
  adsnote = {Provided by the SAO/NASA Astrophysics Data System}
}

@ARTICLE{cowan12,
   author = {{Cowan}, N.~B. and {Voigt}, A. and {Abbot}, D.~S.},
    title = "{Thermal Phases of Earth-like Planets: Estimating Thermal Inertia from Eccentricity, Obliquity, and Diurnal Forcing}",
  journal = {ApJ},
archivePrefix = "arXiv",
   eprint = {1205.5034},
 primaryClass = "astro-ph.EP",
 keywords = {astrobiology, Earth, instrumentation: interferometers, methods: numerical, planets and satellites: atmospheres, techniques: photometric},
     year = 2012,
    month = sep,
   volume = 757,
      eid = {80},
    pages = {80},
      doi = {10.1088/0004-637X/757/1/80},
   adsurl = {http://adsabs.harvard.edu/abs/2012ApJ...757...80C},
  adsnote = {Provided by the SAO/NASA Astrophysics Data System}
}
%%%%%%%%%%%%%%%%%%%%%%%%%%%%%%%%%%%%%%%%%%%%

@ARTICLE{dressing15b,
   author = {{Dressing}, C.~D. and {Charbonneau}, D. and {Dumusque}, X. and 
	{Gettel}, S. and {Pepe}, F. and {Collier Cameron}, A. and {Latham}, D.~W. and 
	{Molinari}, E. and {Udry}, S. and {Affer}, L. and {Bonomo}, A.~S. and 
	{Buchhave}, L.~A. and {Cosentino}, R. and {Figueira}, P. and 
	{Fiorenzano}, A.~F.~M. and {Harutyunyan}, A. and {Haywood}, R.~D. and 
	{Johnson}, J.~A. and {Lopez-Morales}, M. and {Lovis}, C. and 
	{Malavolta}, L. and {Mayor}, M. and {Micela}, G. and {Motalebi}, F. and 
	{Nascimbeni}, V. and {Phillips}, D.~F. and {Piotto}, G. and 
	{Pollacco}, D. and {Queloz}, D. and {Rice}, K. and {Sasselov}, D. and 
	{S{\'e}gransan}, D. and {Sozzetti}, A. and {Szentgyorgyi}, A. and 
	{Watson}, C.},
    title = "{The Mass of Kepler-93b and The Composition of Terrestrial Planets}",
  journal = {ApJ},
archivePrefix = "arXiv",
   eprint = {1412.8687},
 primaryClass = "astro-ph.EP",
 keywords = {planetary systems, planets and satellites: composition, stars: individual: Kepler-93 {\amp}equals KOI 69 {\amp}equals KIC 3544595, techniques: radial velocities},
     year = 2015,
    month = feb,
   volume = 800,
      eid = {135},
    pages = {135},
      doi = {10.1088/0004-637X/800/2/135},
   adsurl = {http://adsabs.harvard.edu/abs/2015ApJ...800..135D},
  adsnote = {Provided by the SAO/NASA Astrophysics Data System}
}

@ARTICLE{rogers15,
   author = {{Rogers}, L.~A.},
    title = "{Most 1.6 Earth-radius Planets are Not Rocky}",
  journal = {ApJ},
archivePrefix = "arXiv",
   eprint = {1407.4457},
 primaryClass = "astro-ph.EP",
 keywords = {methods: data analysis, methods: statistical, planetary systems, planets and satellites: composition, techniques: photometric, techniques: radial velocities},
     year = 2015,
    month = mar,
   volume = 801,
      eid = {41},
    pages = {41},
      doi = {10.1088/0004-637X/801/1/41},
   adsurl = {http://adsabs.harvard.edu/abs/2015ApJ...801...41R},
  adsnote = {Provided by the SAO/NASA Astrophysics Data System}
}

@ARTICLE{lopez14,
   author = {{Lopez}, E.~D. and {Fortney}, J.~J.},
    title = "{Understanding the Mass-Radius Relation for Sub-neptunes: Radius as a Proxy for Composition}",
  journal = {ApJ},
archivePrefix = "arXiv",
   eprint = {1311.0329},
 primaryClass = "astro-ph.EP",
 keywords = {planets and satellites: composition, planets and satellites: formation, planets and satellites: interiors, planets and satellites: physical evolution},
     year = 2014,
    month = sep,
   volume = 792,
      eid = {1},
    pages = {1},
      doi = {10.1088/0004-637X/792/1/1},
   adsurl = {http://adsabs.harvard.edu/abs/2014ApJ...792....1L},
  adsnote = {Provided by the SAO/NASA Astrophysics Data System}
}

@INPROCEEDINGS{charbonneau15,
   author = {{Charbonneau}, D.},
    title = "{Constraints on the Compositions of Small Planets from the HARPS-N Consortium}",
booktitle = {AAS/Division for Extreme Solar Systems Abstracts},
     year = 2015,
   series = {AAS/Division for Extreme Solar Systems Abstracts},
   volume = 3,
    month = dec,
      eid = {101.01},
    pages = {101.01},
   adsurl = {http://adsabs.harvard.edu/abs/2015ESS.....310101C},
  adsnote = {Provided by the SAO/NASA Astrophysics Data System}
}

@ARTICLE{charbonneau09,
   author = {{Charbonneau}, D. and {Berta}, Z.~K. and {Irwin}, J. and {Burke}, C.~J. and 
	{Nutzman}, P. and {Buchhave}, L.~A. and {Lovis}, C. and {Bonfils}, X. and 
	{Latham}, D.~W. and {Udry}, S. and {Murray-Clay}, R.~A. and 
	{Holman}, M.~J. and {Falco}, E.~E. and {Winn}, J.~N. and {Queloz}, D. and 
	{Pepe}, F. and {Mayor}, M. and {Delfosse}, X. and {Forveille}, T.
	},
    title = "{A super-Earth transiting a nearby low-mass star}",
  journal = {Nature},
archivePrefix = "arXiv",
   eprint = {0912.3229},
 primaryClass = "astro-ph.EP",
     year = 2009,
    month = dec,
   volume = 462,
    pages = {891-894},
      doi = {10.1038/nature08679},
   adsurl = {http://adsabs.harvard.edu/abs/2009Natur.462..891C},
  adsnote = {Provided by the SAO/NASA Astrophysics Data System}
}

@ARTICLE{zeng13,
   author = {{Zeng}, L. and {Sasselov}, D.},
    title = "{A Detailed Model Grid for Solid Planets from 0.1 through 100 Earth Masses}",
  journal = {PASP},
archivePrefix = "arXiv",
   eprint = {1301.0818},
 primaryClass = "astro-ph.EP",
 keywords = {Extrasolar Planets},
     year = 2013,
    month = mar,
   volume = 125,
    pages = {227-239},
      doi = {10.1086/669163},
   adsurl = {http://adsabs.harvard.edu/abs/2013PASP..125..227Z},
  adsnote = {Provided by the SAO/NASA Astrophysics Data System}
}

@ARTICLE{aigrain12,
   author = {{Aigrain}, S. and {Pont}, F. and {Zucker}, S.},
    title = "{A simple method to estimate radial velocity variations due to stellar activity using photometry}",
  journal = {MNRAS},
archivePrefix = "arXiv",
   eprint = {1110.1034},
 primaryClass = "astro-ph.SR",
 keywords = {methods: data analysis, techniques: photometric, techniques: radial velocities, Sun: activity, planetary systems, stars: individual: HD 189733},
     year = 2012,
    month = feb,
   volume = 419,
    pages = {3147-3158},
      doi = {10.1111/j.1365-2966.2011.19960.x},
   adsurl = {http://adsabs.harvard.edu/abs/2012MNRAS.419.3147A},
  adsnote = {Provided by the SAO/NASA Astrophysics Data System}
}

@ARTICLE{boisse12,
   author = {{Boisse}, I. and {Bonfils}, X. and {Santos}, N.~C.},
    title = "{SOAP. A tool for the fast computation of photometry and radial velocity induced by stellar spots}",
  journal = {A\&A},
archivePrefix = "arXiv",
   eprint = {1206.5493},
 primaryClass = "astro-ph.IM",
 keywords = {methods: numerical, planetary systems, techniques: radial velocities, techniques: photometric, stars: activity, starspots},
     year = 2012,
    month = sep,
   volume = 545,
      eid = {A109},
    pages = {A109},
      doi = {10.1051/0004-6361/201219115},
   adsurl = {http://adsabs.harvard.edu/abs/2012A%26A...545A.109B},
  adsnote = {Provided by the SAO/NASA Astrophysics Data System}
}

@ARTICLE{dumusque14,
   author = {{Dumusque}, X. and {Boisse}, I. and {Santos}, N.~C.},
    title = "{SOAP 2.0: A Tool to Estimate the Photometric and Radial Velocity Variations Induced by Stellar Spots and Plages}",
  journal = {ApJ},
archivePrefix = "arXiv",
   eprint = {1409.3594},
 primaryClass = "astro-ph.SR",
 keywords = {planetary systems, stars: activity, stars: individual: alpha Cen B, stars: individual: HD 189733, techniques: radial velocities},
     year = 2014,
    month = dec,
   volume = 796,
      eid = {132},
    pages = {132},
      doi = {10.1088/0004-637X/796/2/132},
   adsurl = {http://adsabs.harvard.edu/abs/2014ApJ...796..132D},
  adsnote = {Provided by the SAO/NASA Astrophysics Data System}
}

@ARTICLE{rajpaul15,
   author = {{Rajpaul}, V. and {Aigrain}, S. and {Osborne}, M.~A. and {Reece}, S. and 
	{Roberts}, S.},
    title = "{A Gaussian process framework for modelling stellar activity signals in radial velocity data}",
  journal = {MNRAS},
archivePrefix = "arXiv",
   eprint = {1506.07304},
 primaryClass = "astro-ph.EP",
 keywords = {methods: data analysis, techniques: radial velocities, stars: activity, stars: individual: Alpha Centauri B, stars: individual: Gliese 15 A, planetary systems},
     year = 2015,
    month = sep,
   volume = 452,
    pages = {2269-2291},
      doi = {10.1093/mnras/stv1428},
   adsurl = {http://adsabs.harvard.edu/abs/2015MNRAS.452.2269R},
  adsnote = {Provided by the SAO/NASA Astrophysics Data System}
}

@INPROCEEDINGS{irwin15,
   author = {{Irwin}, J.~M. and {Berta-Thompson}, Z.~K. and {Charbonneau}, D. and 
	{Dittmann}, J. and {Falco}, E.~E. and {Newton}, E.~R. and {Nutzman}, P.
	},
    title = "{The MEarth-North and MEarth-South Transit Surveys: Searching for Habitable Super-Earth Exoplanets Around Nearby M-dwarfs}",
booktitle = {18th Cambridge Workshop on Cool Stars, Stellar Systems, and the Sun},
     year = 2015,
   series = {Cambridge Workshop on Cool Stars, Stellar Systems, and the Sun},
   volume = 18,
archivePrefix = "arXiv",
   eprint = {1409.0891},
 primaryClass = "astro-ph.EP",
   editor = {{van Belle}, G.~T. and {Harris}, H.~C.},
    month = jan,
    pages = {767-772},
   adsurl = {http://adsabs.harvard.edu/abs/2015csss...18..767I},
  adsnote = {Provided by the SAO/NASA Astrophysics Data System}
}


@ARTICLE{mcquillan13a,
   author = {{McQuillan}, A. and {Aigrain}, S. and {Mazeh}, T.},
    title = "{Measuring the rotation period distribution of field M dwarfs with Kepler}",
  journal = {MNRAS},
archivePrefix = "arXiv",
   eprint = {1303.6787},
 primaryClass = "astro-ph.SR",
 keywords = {methods: data analysis, stars: evolution, stars: low-mass, stars: magnetic field, stars: rotation},
     year = 2013,
    month = jun,
   volume = 432,
    pages = {1203-1216},
      doi = {10.1093/mnras/stt536},
   adsurl = {http://adsabs.harvard.edu/abs/2013MNRAS.432.1203M},
  adsnote = {Provided by the SAO/NASA Astrophysics Data System}
}

@ARTICLE{mcquillan14,
   author = {{McQuillan}, A. and {Mazeh}, T. and {Aigrain}, S.},
    title = "{Rotation Periods of 34,030 Kepler Main-sequence Stars: The Full Autocorrelation Sample}",
  journal = {ApJS},
archivePrefix = "arXiv",
   eprint = {1402.5694},
 primaryClass = "astro-ph.SR",
 keywords = {catalogs, methods: data analysis, methods: observational, stars: activity, stars: low-mass, stars: rotation, techniques: photometric},
     year = 2014,
    month = apr,
   volume = 211,
      eid = {24},
    pages = {24},
      doi = {10.1088/0067-0049/211/2/24},
   adsurl = {http://adsabs.harvard.edu/abs/2014ApJS..211...24M},
  adsnote = {Provided by the SAO/NASA Astrophysics Data System}
}

@ARTICLE{newton16a,
   author = {{Newton}, E.~R. and {Irwin}, J. and {Charbonneau}, D. and {Berta-Thompson}, Z.~K. and 
	{Dittmann}, J.~A. and {West}, A.~A.},
    title = "{The Rotation and Galactic Kinematics of Mid M Dwarfs in the Solar Neighborhood}",
  journal = {ApJ},
archivePrefix = "arXiv",
   eprint = {1511.00957},
 primaryClass = "astro-ph.SR",
 keywords = {stars: kinematics and dynamics, stars: low-mass, stars: rotation, starspots},
     year = 2016,
    month = apr,
   volume = 821,
      eid = {93},
    pages = {93},
      doi = {10.3847/0004-637X/821/2/93},
   adsurl = {http://adsabs.harvard.edu/abs/2016ApJ...821...93N},
  adsnote = {Provided by the SAO/NASA Astrophysics Data System}
}

@ARTICLE{duncan89,
   author = {{Duncan}, M. and {Quinn}, T. and {Tremaine}, S.},
    title = "{The long-term evolution of orbits in the solar system - A mapping approach}",
  journal = {Icarus},
 keywords = {Orbit Perturbation, Planetary Mapping, Planetary Orbits, Solar System, Three Body Problem, Approximation, Celestial Mechanics, Eccentric Orbits, Orbital Elements, Planetary Evolution},
     year = 1989,
    month = dec,
   volume = 82,
    pages = {402-418},
      doi = {10.1016/0019-1035(89)90047-X},
   adsurl = {http://adsabs.harvard.edu/abs/1989Icar...82..402D},
  adsnote = {Provided by the SAO/NASA Astrophysics Data System}
}

@ARTICLE{gladman93,
   author = {{Gladman}, B.},
    title = "{Dynamics of systems of two close planets}",
  journal = {Icarus},
 keywords = {Protoplanets, Planetary Evolution, Planetary Mass, Eccentric Orbits, Chaos, Embryos, Solar System, Pulsars},
     year = 1993,
    month = nov,
   volume = 106,
    pages = {247},
      doi = {10.1006/icar.1993.1169},
   adsurl = {http://adsabs.harvard.edu/abs/1993Icar..106..247G},
  adsnote = {Provided by the SAO/NASA Astrophysics Data System}
}

@ARTICLE{barnes06,
   author = {{Barnes}, R. and {Greenberg}, R.},
    title = "{Stability Limits in Extrasolar Planetary Systems}",
  journal = {ApJL},
   eprint = {astro-ph/0607210},
 keywords = {Methods: Analytical, Methods: n-Body Simulations, Stars: Planetary Systems, Stars: Individual: Henry Draper Number: HD 12661, Stars: Individual: Constellation Name: 47 Ursae Majoris},
     year = 2006,
    month = aug,
   volume = 647,
    pages = {L163-L166},
      doi = {10.1086/507521},
   adsurl = {http://adsabs.harvard.edu/abs/2006ApJ...647L.163B},
  adsnote = {Provided by the SAO/NASA Astrophysics Data System}
}

@ARTICLE{marchal82,
   author = {{Marchal}, C. and {Bozis}, G.},
    title = "{Hill Stability and Distance Curves for the General Three-Body Problem}",
  journal = {Celestial Mechanics},
     year = 1982,
    month = mar,
   volume = 26,
    pages = {311-333},
      doi = {10.1007/BF01230725},
   adsurl = {http://adsabs.harvard.edu/abs/1982CeMec..26..311M},
  adsnote = {Provided by the SAO/NASA Astrophysics Data System}
}

@ARTICLE{fabrycky12,
   author = {{Fabrycky}, D.~C. and {Ford}, E.~B. and {Steffen}, J.~H. and 
	{Rowe}, J.~F. and {Carter}, J.~A. and {Moorhead}, A.~V. and 
	{Batalha}, N.~M. and {Borucki}, W.~J. and {Bryson}, S. and {Buchhave}, L.~A. and 
	{Christiansen}, J.~L. and {Ciardi}, D.~R. and {Cochran}, W.~D. and 
	{Endl}, M. and {Fanelli}, M.~N. and {Fischer}, D. and {Fressin}, F. and 
	{Geary}, J. and {Haas}, M.~R. and {Hall}, J.~R. and {Holman}, M.~J. and 
	{Jenkins}, J.~M. and {Koch}, D.~G. and {Latham}, D.~W. and {Li}, J. and 
	{Lissauer}, J.~J. and {Lucas}, P. and {Marcy}, G.~W. and {Mazeh}, T. and 
	{McCauliff}, S. and {Quinn}, S. and {Ragozzine}, D. and {Sasselov}, D. and 
	{Shporer}, A.},
    title = "{Transit Timing Observations from Kepler. IV. Confirmation of Four Multiple-planet Systems by Simple Physical Models}",
  journal = {ApJ},
archivePrefix = "arXiv",
   eprint = {1201.5415},
 primaryClass = "astro-ph.EP",
 keywords = {methods: statistical, planetary systems, planets and satellites: detection, planets and satellites: dynamical evolution and stability, stars: individual: KID 10358759/KOI-738/Kepler-29 KID 3832474/KOI-806/Kepler-30 KID 9347899/KOI-935/Kepler-31 KID 9787239/KOI-952/Kepler-32},
     year = 2012,
    month = may,
   volume = 750,
      eid = {114},
    pages = {114},
      doi = {10.1088/0004-637X/750/2/114},
   adsurl = {http://adsabs.harvard.edu/abs/2012ApJ...750..114F},
  adsnote = {Provided by the SAO/NASA Astrophysics Data System}
}

@ARTICLE{smith09,
   author = {{Smith}, A.~W. and {Lissauer}, J.~J.},
    title = "{Orbital stability of systems of closely-spaced planets}",
  journal = {Icarus},
     year = 2009,
    month = may,
   volume = 201,
    pages = {381-394},
      doi = {10.1016/j.icarus.2008.12.027},
   adsurl = {http://adsabs.harvard.edu/abs/2009Icar..201..381S},
  adsnote = {Provided by the SAO/NASA Astrophysics Data System}
}



%% multinest
@ARTICLE{feroz14,
   author = {{Feroz}, F. and {Hobson}, M.~P.},
    title = "{Bayesian analysis of radial velocity data of GJ667C with correlated noise: evidence for only two planets}",
  journal = {MNRAS},
archivePrefix = "arXiv",
   eprint = {1307.6984},
 primaryClass = "astro-ph.EP",
 keywords = {methods: data analysis, methods: statistical, techniques: radial velocities, stars: individual: GJ667C, planetary systems},
     year = 2014,
    month = feb,
   volume = 437,
    pages = {3540-3549},
      doi = {10.1093/mnras/stt2148},
   adsurl = {http://adsabs.harvard.edu/abs/2014MNRAS.437.3540F},
  adsnote = {Provided by the SAO/NASA Astrophysics Data System}
}

@ARTICLE{feroz08,
   author = {{Feroz}, F. and {Hobson}, M.~P.},
    title = "{Multimodal nested sampling: an efficient and robust alternative to Markov Chain Monte Carlo methods for astronomical data analyses}",
  journal = {MNRAS},
archivePrefix = "arXiv",
   eprint = {0704.3704},
 keywords = {methods: data analysis, methods: statistical},
     year = 2008,
    month = feb,
   volume = 384,
    pages = {449-463},
      doi = {10.1111/j.1365-2966.2007.12353.x},
   adsurl = {http://adsabs.harvard.edu/abs/2008MNRAS.384..449F},
  adsnote = {Provided by the SAO/NASA Astrophysics Data System}
}

@ARTICLE{feroz09,
   author = {{Feroz}, F. and {Hobson}, M.~P. and {Bridges}, M.},
    title = "{MULTINEST: an efficient and robust Bayesian inference tool for cosmology and particle physics}",
  journal = {MNRAS},
archivePrefix = "arXiv",
   eprint = {0809.3437},
 keywords = {methods: data analysis , methods: statistical},
     year = 2009,
    month = oct,
   volume = 398,
    pages = {1601-1614},
      doi = {10.1111/j.1365-2966.2009.14548.x},
   adsurl = {http://adsabs.harvard.edu/abs/2009MNRAS.398.1601F},
  adsnote = {Provided by the SAO/NASA Astrophysics Data System}
}
%%

@article{kass95,
author = {{Kass}, R.~E. and {Raftery}, A.~E.},
title = {Bayes Factors},
journal = {Journal of the American Statistical Association},
volume = {90},
number = {430},
pages = {773-795},
year = {1995},
doi = {10.1080/01621459.1995.10476572},

URL = { 
        http://www.tandfonline.com/doi/abs/10.1080/01621459.1995.10476572
    
},
eprint = { 
        http://www.tandfonline.com/doi/pdf/10.1080/01621459.1995.10476572   
}
}

@ARTICLE{angus15,
   author = {{Angus}, R. and {Aigrain}, S. and {Foreman-Mackey}, D.},
    title = "{Probabilistic stellar rotation periods with Gaussian processes}",
  journal = {IAU General Assembly},
     year = 2015,
    month = aug,
   volume = 22,
      eid = {2258396},
    pages = {2258396},
   adsurl = {http://adsabs.harvard.edu/abs/2015IAUGA..2258396A},
  adsnote = {Provided by the SAO/NASA Astrophysics Data System}
}

@ARTICLE{grunblatt15,
   author = {{Grunblatt}, S.~K. and {Howard}, A.~W. and {Haywood}, R.~D.},
    title = "{Determining the Mass of Kepler-78b with Nonparametric Gaussian Process Estimation}",
  journal = {ApJ},
archivePrefix = "arXiv",
   eprint = {1501.00369},
 primaryClass = "astro-ph.EP",
 keywords = {methods: statistical, planets and satellites: detection, planets and satellites: individual: Kepler-78b, planets and satellites: terrestrial planets, stars: activity, starspots},
     year = 2015,
    month = aug,
   volume = 808,
      eid = {127},
    pages = {127},
      doi = {10.1088/0004-637X/808/2/127},
   adsurl = {http://adsabs.harvard.edu/abs/2015ApJ...808..127G},
  adsnote = {Provided by the SAO/NASA Astrophysics Data System}
}

@ARTICLE{haywood14,
   author = {{Haywood}, R.~D. and {Collier Cameron}, A. and {Queloz}, D. and 
	{Barros}, S.~C.~C. and {Deleuil}, M. and {Fares}, R. and {Gillon}, M. and 
	{Lanza}, A.~F. and {Lovis}, C. and {Moutou}, C. and {Pepe}, F. and 
	{Pollacco}, D. and {Santerne}, A. and {S{\'e}gransan}, D. and 
	{Unruh}, Y.~C.},
    title = "{Planets and stellar activity: hide and seek in the CoRoT-7 system}",
  journal = {MNRAS},
archivePrefix = "arXiv",
   eprint = {1407.1044},
 primaryClass = "astro-ph.EP",
 keywords = {techniques: radial velocities, stars: activity, stars: individual: CoRoT-7, planetary systems},
     year = 2014,
    month = sep,
   volume = 443,
    pages = {2517-2531},
      doi = {10.1093/mnras/stu1320},
   adsurl = {http://adsabs.harvard.edu/abs/2014MNRAS.443.2517H},
  adsnote = {Provided by the SAO/NASA Astrophysics Data System}
}

@ARTICLE{mancini15,
   author = {{Mancini}, L. and {Giacobbe}, P. and {Littlefair}, S.~P. and 
	{Southworth}, J. and {Bozza}, V. and {Damasso}, M. and {Dominik}, M. and 
	{Hundertmark}, M. and {J{\o}rgensen}, U.~G. and {Juncher}, D. and 
	{Popovas}, A. and {Rabus}, M. and {Rahvar}, S. and {Schmidt}, R.~W. and 
	{Skottfelt}, J. and {Snodgrass}, C. and {Sozzetti}, A. and {Alsubai}, K. and 
	{Bramich}, D.~M. and {Calchi Novati}, S. and {Ciceri}, S. and 
	{D'Ago}, G. and {Figuera Jaimes}, R. and {Galianni}, P. and 
	{Gu}, S.-H. and {Harps{\o}e}, K. and {Haugb{\o}lle}, T. and 
	{Henning}, T. and {Hinse}, T.~C. and {Kains}, N. and {Korhonen}, H. and 
	{Scarpetta}, G. and {Starkey}, D. and {Surdej}, J. and {Wang}, X.-B. and 
	{Wertz}, O.},
    title = "{Rotation periods and astrometric motions of the Luhman 16AB brown dwarfs by high-resolution lucky-imaging monitoring}",
  journal = {A\&A},
archivePrefix = "arXiv",
   eprint = {1510.08099},
 primaryClass = "astro-ph.SR",
 keywords = {binaries: visual, brown dwarfs, stars: variables: general, techniques: photometric, techniques: image processing},
     year = 2015,
    month = dec,
   volume = 584,
      eid = {A104},
    pages = {A104},
      doi = {10.1051/0004-6361/201526899},
   adsurl = {http://adsabs.harvard.edu/abs/2015A%26A...584A.104M},
  adsnote = {Provided by the SAO/NASA Astrophysics Data System}
}

@ARTICLE{vanderburg15,
   author = {{Vanderburg}, A. and {Montet}, B.~T. and {Johnson}, J.~A. and 
	{Buchhave}, L.~A. and {Zeng}, L. and {Pepe}, F. and {Collier Cameron}, A. and 
	{Latham}, D.~W. and {Molinari}, E. and {Udry}, S. and {Lovis}, C. and 
	{Matthews}, J.~M. and {Cameron}, C. and {Law}, N. and {Bowler}, B.~P. and 
	{Angus}, R. and {Baranec}, C. and {Bieryla}, A. and {Boschin}, W. and 
	{Charbonneau}, D. and {Cosentino}, R. and {Dumusque}, X. and 
	{Figueira}, P. and {Guenther}, D.~B. and {Harutyunyan}, A. and 
	{Hellier}, C. and {Kuschnig}, R. and {Lopez-Morales}, M. and 
	{Mayor}, M. and {Micela}, G. and {Moffat}, A.~F.~J. and {Pedani}, M. and 
	{Phillips}, D.~F. and {Piotto}, G. and {Pollacco}, D. and {Queloz}, D. and 
	{Rice}, K. and {Riddle}, R. and {Rowe}, J.~F. and {Rucinski}, S.~M. and 
	{Sasselov}, D. and {S{\'e}gransan}, D. and {Sozzetti}, A. and 
	{Szentgyorgyi}, A. and {Watson}, C. and {Weiss}, W.~W.},
    title = "{Characterizing K2 Planet Discoveries: A Super-Earth Transiting the Bright K Dwarf HIP 116454}",
  journal = {ApJ},
archivePrefix = "arXiv",
   eprint = {1412.5674},
 primaryClass = "astro-ph.EP",
 keywords = {planets and satellites: detection, techniques: photometric},
     year = 2015,
    month = feb,
   volume = 800,
      eid = {59},
    pages = {59},
      doi = {10.1088/0004-637X/800/1/59},
   adsurl = {http://adsabs.harvard.edu/abs/2015ApJ...800...59V},
  adsnote = {Provided by the SAO/NASA Astrophysics Data System}
}

@ARTICLE{mazeh99,
   author = {{Mazeh}, T. and {Zucker}, S. and {Dalla Torre}, A. and {van Leeuwen}, F.
	},
    title = "{Analysis of the HIPPARCOS Measurements of upsilon Andromedae: A Mass Estimate of Its Outermost Known Planetary Companion}",
  journal = {ApJL},
   eprint = {astro-ph/9907175},
 keywords = {ASTROMETRY, STARS: PLANETARY SYSTEMS, STARS: INDIVIDUAL: CONSTELLATION NAME: UPSILON ANDROMEDAE, Astrometry, Stars: Planetary Systems, Stars: Individual: Constellation Name: {\upsi} Andromedae},
     year = 1999,
    month = sep,
   volume = 522,
    pages = {L149-L151},
      doi = {10.1086/312231},
   adsurl = {http://adsabs.harvard.edu/abs/1999ApJ...522L.149M},
  adsnote = {Provided by the SAO/NASA Astrophysics Data System}
}

@ARTICLE{charbonneau00,
   author = {{Charbonneau}, D. and {Brown}, T.~M. and {Latham}, D.~W. and 
	{Mayor}, M.},
    title = "{Detection of Planetary Transits Across a Sun-like Star}",
  journal = {ApJL},
   eprint = {astro-ph/9911436},
 keywords = {STARS: BINARIES: ECLIPSING, STARS: PLANETARY SYSTEMS, STARS: INDIVIDUAL: HENRY DRAPER NUMBER: HD 209458, TECHNIQUES: PHOTOMETRIC, TECHNIQUES: RADIAL VELOCITIES, Stars: Binaries: Eclipsing, Stars: Planetary Systems, Stars: Individual: Henry Draper Number: HD 209458, Techniques: Photometric, Techniques: Radial Velocities},
     year = 2000,
    month = jan,
   volume = 529,
    pages = {L45-L48},
      doi = {10.1086/312457},
   adsurl = {http://adsabs.harvard.edu/abs/2000ApJ...529L..45C},
  adsnote = {Provided by the SAO/NASA Astrophysics Data System}
}

@ARTICLE{bouchy05,
   author = {{Bouchy}, F. and {Udry}, S. and {Mayor}, M. and {Moutou}, C. and 
	{Pont}, F. and {Iribarne}, N. and {da Silva}, R. and {Ilovaisky}, S. and 
	{Queloz}, D. and {Santos}, N.~C. and {S{\'e}gransan}, D. and 
	{Zucker}, S.},
    title = "{ELODIE metallicity-biased search for transiting Hot Jupiters. II. A very hot Jupiter transiting the bright K star HD 189733}",
  journal = {A\&A},
   eprint = {astro-ph/0510119},
     year = 2005,
    month = dec,
   volume = 444,
    pages = {L15-L19},
      doi = {10.1051/0004-6361:200500201},
   adsurl = {http://adsabs.harvard.edu/abs/2005A%26A...444L..15B},
  adsnote = {Provided by the SAO/NASA Astrophysics Data System}
}

@ARTICLE{doyle11,
   author = {{Doyle}, L.~R. and {Carter}, J.~A. and {Fabrycky}, D.~C. and 
	{Slawson}, R.~W. and {Howell}, S.~B. and {Winn}, J.~N. and {Orosz}, J.~A. and 
	{Prcaronsa}, A. and {Welsh}, W.~F. and {Quinn}, S.~N. and 
	{Latham}, D. and {Torres}, G. and {Buchhave}, L.~A. and {Marcy}, G.~W. and 
	{Fortney}, J.~J. and {Shporer}, A. and {Ford}, E.~B. and {Lissauer}, J.~J. and 
	{Ragozzine}, D. and {Rucker}, M. and {Batalha}, N. and {Jenkins}, J.~M. and 
	{Borucki}, W.~J. and {Koch}, D. and {Middour}, C.~K. and {Hall}, J.~R. and 
	{McCauliff}, S. and {Fanelli}, M.~N. and {Quintana}, E.~V. and 
	{Holman}, M.~J. and {Caldwell}, D.~A. and {Still}, M. and {Stefanik}, R.~P. and 
	{Brown}, W.~R. and {Esquerdo}, G.~A. and {Tang}, S. and {Furesz}, G. and 
	{Geary}, J.~C. and {Berlind}, P. and {Calkins}, M.~L. and {Short}, D.~R. and 
	{Steffen}, J.~H. and {Sasselov}, D. and {Dunham}, E.~W. and 
	{Cochran}, W.~D. and {Boss}, A. and {Haas}, M.~R. and {Buzasi}, D. and 
	{Fischer}, D.},
    title = "{Kepler-16: A Transiting Circumbinary Planet}",
  journal = {Science},
archivePrefix = "arXiv",
   eprint = {1109.3432},
 primaryClass = "astro-ph.EP",
     year = 2011,
    month = sep,
   volume = 333,
    pages = {1602},
      doi = {10.1126/science.1210923},
   adsurl = {http://adsabs.harvard.edu/abs/2011Sci...333.1602D},
  adsnote = {Provided by the SAO/NASA Astrophysics Data System}
}


%%%%%%%%%%%%%%%%%%%%%%%%%%%%%%%%%%%%%%%%%%%%%%%%%%%%%%
%% transmission/emission spectroscopy
@ARTICLE{bean13,
   author = {{Bean}, J.~L. and {D{\'e}sert}, J.-M. and {Seifahrt}, A. and 
	{Madhusudhan}, N. and {Chilingarian}, I. and {Homeier}, D. and 
	{Szentgyorgyi}, A.},
    title = "{Ground-based Transit Spectroscopy of the Hot-Jupiter WASP-19b in the Near-infrared}",
  journal = {ApJ},
archivePrefix = "arXiv",
   eprint = {1303.1094},
 primaryClass = "astro-ph.EP",
 keywords = {planets and satellites: atmospheres, planets and satellites: individual: WASP-19b, techniques: photometric },
     year = 2013,
    month = jul,
   volume = 771,
      eid = {108},
    pages = {108},
      doi = {10.1088/0004-637X/771/2/108},
   adsurl = {http://adsabs.harvard.edu/abs/2013ApJ...771..108B},
  adsnote = {Provided by the SAO/NASA Astrophysics Data System}
}

@ARTICLE{kreidberg14a,
   author = {{Kreidberg}, L. and {Bean}, J.~L. and {D{\'e}sert}, J.-M. and 
	{Benneke}, B. and {Deming}, D. and {Stevenson}, K.~B. and {Seager}, S. and 
	{Berta-Thompson}, Z. and {Seifahrt}, A. and {Homeier}, D.},
    title = "{Clouds in the atmosphere of the super-Earth exoplanet GJ1214b}",
  journal = {Nature},
archivePrefix = "arXiv",
   eprint = {1401.0022},
 primaryClass = "astro-ph.EP",
     year = 2014,
    month = jan,
   volume = 505,
    pages = {69-72},
      doi = {10.1038/nature12888},
   adsurl = {http://adsabs.harvard.edu/abs/2014Natur.505...69K},
  adsnote = {Provided by the SAO/NASA Astrophysics Data System}
}

@ARTICLE{kreidberg14b,
   author = {{Kreidberg}, L. and {Bean}, J.~L. and {D{\'e}sert}, J.-M. and 
	{Line}, M.~R. and {Fortney}, J.~J. and {Madhusudhan}, N. and 
	{Stevenson}, K.~B. and {Showman}, A.~P. and {Charbonneau}, D. and 
	{McCullough}, P.~R. and {Seager}, S. and {Burrows}, A. and {Henry}, G.~W. and 
	{Williamson}, M. and {Kataria}, T. and {Homeier}, D.},
    title = "{A Precise Water Abundance Measurement for the Hot Jupiter WASP-43b}",
  journal = {ApJL},
archivePrefix = "arXiv",
   eprint = {1410.2255},
 primaryClass = "astro-ph.EP",
 keywords = {planets and satellites: atmospheres, planets and satellites: composition, planets and satellites: individual: WASP-43b },
     year = 2014,
    month = oct,
   volume = 793,
      eid = {L27},
    pages = {L27},
      doi = {10.1088/2041-8205/793/2/L27},
   adsurl = {http://adsabs.harvard.edu/abs/2014ApJ...793L..27K},
  adsnote = {Provided by the SAO/NASA Astrophysics Data System}
}

@ARTICLE{mccullough14,
   author = {{McCullough}, P.~R. and {Crouzet}, N. and {Deming}, D. and {Madhusudhan}, N.
	},
    title = "{Water Vapor in the Spectrum of the Extrasolar Planet HD 189733b. I. The Transit}",
  journal = {ApJ},
archivePrefix = "arXiv",
   eprint = {1407.2462},
 primaryClass = "astro-ph.SR",
 keywords = {planetary systems, planets and satellites: atmospheres, stars: individual: HD 189733, techniques: spectroscopic},
     year = 2014,
    month = aug,
   volume = 791,
      eid = {55},
    pages = {55},
      doi = {10.1088/0004-637X/791/1/55},
   adsurl = {http://adsabs.harvard.edu/abs/2014ApJ...791...55M},
  adsnote = {Provided by the SAO/NASA Astrophysics Data System}
}

@ARTICLE{kreidberg14,
   author = {{Kreidberg}, L. and {Bean}, J.~L. and {D{\'e}sert}, J.-M. and
        {Line}, M.~R. and {Fortney}, J.~J. and {Madhusudhan}, N. and
        {Stevenson}, K.~B. and {Showman}, A.~P. and {Charbonneau}, D. and
        {McCullough}, P.~R. and {Seager}, S. and {Burrows}, A. and {Henry}, G.~W. and
        {Williamson}, M. and {Kataria}, T. and {Homeier}, D.},
    title = "{A Precise Water Abundance Measurement for the Hot Jupiter WASP-43b}",
  journal = {ApJL},
archivePrefix = "arXiv",
   eprint = {1410.2255},
 primaryClass = "astro-ph.EP",
 keywords = {planets and satellites: atmospheres, planets and satellites: composition, planets and satellites: individual: WASP-43b },
     year = 2014,
    month = oct,
   volume = 793,
      eid = {L27},
    pages = {L27},
      doi = {10.1088/2041-8205/793/2/L27},
   adsurl = {http://adsabs.harvard.edu/abs/2014ApJ...793L..27K},
  adsnote = {Provided by the SAO/NASA Astrophysics Data System}
}

@ARTICLE{crouzet14,
   author = {{Crouzet}, N. and {McCullough}, P.~R. and {Deming}, D. and {Madhusudhan}, N.
	},
    title = "{Water Vapor in the Spectrum of the Extrasolar Planet HD 189733b. II. The Eclipse}",
  journal = {ApJ},
archivePrefix = "arXiv",
   eprint = {1409.4000},
 primaryClass = "astro-ph.EP",
 keywords = {methods: observational, planets and satellites: atmospheres, planets and satellites: individual: HD 189733b, techniques: spectroscopic},
     year = 2014,
    month = nov,
   volume = 795,
      eid = {166},
    pages = {166},
      doi = {10.1088/0004-637X/795/2/166},
   adsurl = {http://adsabs.harvard.edu/abs/2014ApJ...795..166C},
  adsnote = {Provided by the SAO/NASA Astrophysics Data System}
}
%%%%%%%%%%%%%%%%%%%%%%%%%%%%%%%%

@INPROCEEDINGS{doyon12,
   author = {{Doyon}, R. and {Hutchings}, J.~B. and {Beaulieu}, M. and {Albert}, L. and 
	{Lafreni{\`e}re}, D. and {Willott}, C. and {Touahri}, D. and 
	{Rowlands}, N. and {Maszkiewicz}, M. and {Fullerton}, A.~W. and 
	{Volk}, K. and {Martel}, A.~R. and {Chayer}, P. and {Sivaramakrishnan}, A. and 
	{Abraham}, R. and {Ferrarese}, L. and {Jayawardhana}, R. and 
	{Johnstone}, D. and {Meyer}, M. and {Pipher}, J.~L. and {Sawicki}, M.
	},
    title = "{The JWST Fine Guidance Sensor (FGS) and Near-Infrared Imager and Slitless Spectrograph (NIRISS)}",
booktitle = {Space Telescopes and Instrumentation 2012: Optical, Infrared, and Millimeter Wave},
     year = 2012,
   series = {SPIE},
   volume = 8442,
    month = sep,
      eid = {84422R},
    pages = {84422R},
      doi = {10.1117/12.926578},
   adsurl = {http://adsabs.harvard.edu/abs/2012SPIE.8442E..2RD},
  adsnote = {Provided by the SAO/NASA Astrophysics Data System}
}

@ARTICLE{ford06,
   author = {{Ford}, E.~B.},
    title = "{Improving the Efficiency of Markov Chain Monte Carlo for Analyzing the Orbits of Extrasolar Planets}",
  journal = {ApJ},
   eprint = {astro-ph/0512634},
 keywords = {Methods: Statistical, Stars: Planetary Systems, Techniques: Radial Velocities},
     year = 2006,
    month = may,
   volume = 642,
    pages = {505-522},
      doi = {10.1086/500802},
   adsurl = {http://adsabs.harvard.edu/abs/2006ApJ...642..505F},
  adsnote = {Provided by the SAO/NASA Astrophysics Data System}
}

@ARTICLE{mandel02,
   author = {{Mandel}, K. and {Agol}, E.},
    title = "{Analytic Light Curves for Planetary Transit Searches}",
  journal = {ApJL},
   eprint = {astro-ph/0210099},
 keywords = {Stars: Binaries: Eclipsing, Eclipses, Occultations, Stars: Planetary Systems},
     year = 2002,
    month = dec,
   volume = 580,
    pages = {L171-L175},
      doi = {10.1086/345520},
   adsurl = {http://adsabs.harvard.edu/abs/2002ApJ...580L.171M},
  adsnote = {Provided by the SAO/NASA Astrophysics Data System}
}

@ARTICLE{fabrycky14,
   author = {{Fabrycky}, D.~C. and {Lissauer}, J.~J. and {Ragozzine}, D. and 
	{Rowe}, J.~F. and {Steffen}, J.~H. and {Agol}, E. and {Barclay}, T. and 
	{Batalha}, N. and {Borucki}, W. and {Ciardi}, D.~R. and {Ford}, E.~B. and 
	{Gautier}, T.~N. and {Geary}, J.~C. and {Holman}, M.~J. and 
	{Jenkins}, J.~M. and {Li}, J. and {Morehead}, R.~C. and {Morris}, R.~L. and 
	{Shporer}, A. and {Smith}, J.~C. and {Still}, M. and {Van Cleve}, J.
	},
    title = "{Architecture of Kepler's Multi-transiting Systems. II. New Investigations with Twice as Many Candidates}",
  journal = {ApJ},
archivePrefix = "arXiv",
   eprint = {1202.6328},
 primaryClass = "astro-ph.EP",
 keywords = {methods: statistical, planetary systems, planets and satellites: detection, planets and satellites: dynamical evolution and stability },
     year = 2014,
    month = aug,
   volume = 790,
      eid = {146},
    pages = {146},
      doi = {10.1088/0004-637X/790/2/146},
   adsurl = {http://adsabs.harvard.edu/abs/2014ApJ...790..146F},
  adsnote = {Provided by the SAO/NASA Astrophysics Data System}
}

@ARTICLE{figueira12,
   author = {{Figueira}, P. and {Marmier}, M. and {Bou{\'e}}, G. and {Lovis}, C. and 
	{Santos}, N.~C. and {Montalto}, M. and {Udry}, S. and {Pepe}, F. and 
	{Mayor}, M.},
    title = "{Comparing HARPS and Kepler surveys. The alignment of multiple-planet systems}",
  journal = {A\&A},
archivePrefix = "arXiv",
   eprint = {1202.2801},
 primaryClass = "astro-ph.EP",
 keywords = {planetary systems, techniques: radial velocities, techniques: photometric, surveys, methods: numerical, methods: statistical},
     year = 2012,
    month = may,
   volume = 541,
      eid = {A139},
    pages = {A139},
      doi = {10.1051/0004-6361/201219017},
   adsurl = {http://adsabs.harvard.edu/abs/2012A%26A...541A.139F},
  adsnote = {Provided by the SAO/NASA Astrophysics Data System}
}

@ARTICLE{vaneylen15,
   author = {{Van Eylen}, V. and {Albrecht}, S.},
    title = "{Eccentricity from Transit Photometry: Small Planets in Kepler Multi-planet Systems Have Low Eccentricities}",
  journal = {ApJ},
archivePrefix = "arXiv",
   eprint = {1505.02814},
 primaryClass = "astro-ph.EP",
 keywords = {planetary systems, stars: fundamental parameters, stars: oscillations: including pulsations},
     year = 2015,
    month = aug,
   volume = 808,
      eid = {126},
    pages = {126},
      doi = {10.1088/0004-637X/808/2/126},
   adsurl = {http://adsabs.harvard.edu/abs/2015ApJ...808..126V},
  adsnote = {Provided by the SAO/NASA Astrophysics Data System}
}

@ARTICLE{kane12,
   author = {{Kane}, S.~R. and {Ciardi}, D.~R. and {Gelino}, D.~M. and {von Braun}, K.
	},
    title = "{The exoplanet eccentricity distribution from Kepler planet candidates}",
  journal = {MNRAS},
archivePrefix = "arXiv",
   eprint = {1203.1631},
 primaryClass = "astro-ph.EP",
 keywords = {techniques: photometric, techniques: radial velocities, planetary systems },
     year = 2012,
    month = sep,
   volume = 425,
    pages = {757-762},
      doi = {10.1111/j.1365-2966.2012.21627.x},
   adsurl = {http://adsabs.harvard.edu/abs/2012MNRAS.425..757K},
  adsnote = {Provided by the SAO/NASA Astrophysics Data System}
}

@ARTICLE{quillen07,
   author = {{Quillen}, A.~C. and {Morbidelli}, A. and {Moore}, A.},
    title = "{Planetary embryos and planetesimals residing in thin debris discs}",
  journal = {MNRAS},
archivePrefix = "arXiv",
   eprint = {0705.1325},
 keywords = {stars: individual: AU Microscopii, stars: individual: Beta Pictoris, stars: individual: Fomalhaut, planetary systems: formation, planetary systems: protoplanetary discs},
     year = 2007,
    month = oct,
   volume = 380,
    pages = {1642-1648},
      doi = {10.1111/j.1365-2966.2007.12217.x},
   adsurl = {http://adsabs.harvard.edu/abs/2007MNRAS.380.1642Q},
  adsnote = {Provided by the SAO/NASA Astrophysics Data System}
}

@ARTICLE{stewart00,
   author = {{Stewart}, G.~R. and {Ida}, S.},
    title = "{Velocity Evolution of Planetesimals: Unified Analytical Formulas and Comparisons with N-Body Simulations}",
  journal = {Icarus},
     year = 2000,
    month = jan,
   volume = 143,
    pages = {28-44},
      doi = {10.1006/icar.1999.6242},
   adsurl = {http://adsabs.harvard.edu/abs/2000Icar..143...28S},
  adsnote = {Provided by the SAO/NASA Astrophysics Data System}
}

@ARTICLE{dumusque11a,
   author = {{Dumusque}, X. and {Udry}, S. and {Lovis}, C. and {Santos}, N.~C. and 
	{Monteiro}, M.~J.~P.~F.~G.},
    title = "{Planetary detection limits taking into account stellar noise. I. Observational strategies to reduce stellar oscillation and granulation effects}",
  journal = {A\&A},
archivePrefix = "arXiv",
   eprint = {1010.2616},
 primaryClass = "astro-ph.EP",
 keywords = {planetary systems, stars: oscillations, techniques: radial velocities},
     year = 2011,
    month = jan,
   volume = 525,
      eid = {A140},
    pages = {A140},
      doi = {10.1051/0004-6361/201014097},
   adsurl = {http://adsabs.harvard.edu/abs/2011A%26A...525A.140D},
  adsnote = {Provided by the SAO/NASA Astrophysics Data System}
}

@ARTICLE{kokubo06,
   author = {{Kokubo}, E. and {Kominami}, J. and {Ida}, S.},
    title = "{Formation of Terrestrial Planets from Protoplanets. I. Statistics of Basic Dynamical Properties}",
  journal = {ApJ},
 keywords = {Methods: n-Body Simulations, Planets and Satellites: Formation},
     year = 2006,
    month = may,
   volume = 642,
    pages = {1131-1139},
      doi = {10.1086/501448},
   adsurl = {http://adsabs.harvard.edu/abs/2006ApJ...642.1131K},
  adsnote = {Provided by the SAO/NASA Astrophysics Data System}
}

@ARTICLE{raymond05,
   author = {{Raymond}, S.~N. and {Quinn}, T. and {Lunine}, J.~I.},
    title = "{Terrestrial Planet Formation in Disks with Varying Surface Density Profiles}",
  journal = {ApJ},
   eprint = {astro-ph/0507004},
 keywords = {Astrobiology, Methods: n-Body Simulations, Planets and Satellites: Formation},
     year = 2005,
    month = oct,
   volume = 632,
    pages = {670-676},
      doi = {10.1086/433179},
   adsurl = {http://adsabs.harvard.edu/abs/2005ApJ...632..670R},
  adsnote = {Provided by the SAO/NASA Astrophysics Data System}
}

@ARTICLE{weiss14,
   author = {{Weiss}, L.~M. and {Marcy}, G.~W.},
    title = "{The Mass-Radius Relation for 65 Exoplanets Smaller than 4 Earth Radii}",
  journal = {ApJL},
archivePrefix = "arXiv",
   eprint = {1312.0936},
 primaryClass = "astro-ph.EP",
 keywords = {planets and satellites: composition, planets and satellites: fundamental parameters, planets and satellites: gaseous planets, planets and satellites: general, planets and satellites: terrestrial planets},
     year = 2014,
    month = mar,
   volume = 783,
      eid = {L6},
    pages = {L6},
      doi = {10.1088/2041-8205/783/1/L6},
   adsurl = {http://adsabs.harvard.edu/abs/2014ApJ...783L...6W},
  adsnote = {Provided by the SAO/NASA Astrophysics Data System}
}

@INPROCEEDINGS{ford07,
   author = {{Ford}, E.~B. and {Gregory}, P.~C.},
    title = "{Bayesian Model Selection and Extrasolar Planet Detection}",
booktitle = {Statistical Challenges in Modern Astronomy IV},
     year = 2007,
   series = {Astronomical Society of the Pacific Conference Series},
   volume = 371,
   eprint = {astro-ph/0608328},
   editor = {{Babu}, G.~J. and {Feigelson}, E.~D.},
    month = nov,
    pages = {189},
   adsurl = {http://adsabs.harvard.edu/abs/2007ASPC..371..189F},
  adsnote = {Provided by the SAO/NASA Astrophysics Data System}
}

@ARTICLE{berdyugina05,
   author = {{Berdyugina}, S.~V.},
    title = "{Starspots: A Key to the Stellar Dynamo}",
  journal = {Living Reviews in Solar Physics},
 keywords = {starspots, sunspots, stellar magnetic fields, stellar cycles, dynamo, differential rotation, Doppler imaging},
     year = 2005,
    month = dec,
   volume = 2,
      doi = {10.12942/lrsp-2005-8},
   adsurl = {http://adsabs.harvard.edu/abs/2005LRSP....2....8B},
  adsnote = {Provided by the SAO/NASA Astrophysics Data System}
}

@INPROCEEDINGS{oneal05,
   author = {{O'Neal}, D. and {Saar}, S.~H. and {Neff}, J.~E. and {Cuntz}, M.
	},
    title = "{Exploring the use of VO to diagnose spot properties on M dwarfs}",
booktitle = {13th Cambridge Workshop on Cool Stars, Stellar Systems and the Sun},
     year = 2005,
   series = {ESA Special Publication},
   volume = 560,
   editor = {{Favata}, F. and {Hussain}, G.~A.~J. and {Battrick}, B.},
    month = mar,
    pages = {853},
   adsurl = {http://adsabs.harvard.edu/abs/2005ESASP.560..853O},
  adsnote = {Provided by the SAO/NASA Astrophysics Data System}
}

@ARTICLE{mohanty03,
   author = {{Mohanty}, S. and {Basri}, G.},
    title = "{Rotation and Activity in Mid-M to L Field Dwarfs}",
  journal = {ApJ},
   eprint = {astro-ph/0201455},
 keywords = {Stars: Activity, Stars: Low-Mass, Brown Dwarfs, Stars: Rotation},
     year = 2003,
    month = jan,
   volume = 583,
    pages = {451-472},
      doi = {10.1086/345097},
   adsurl = {http://adsabs.harvard.edu/abs/2003ApJ...583..451M},
  adsnote = {Provided by the SAO/NASA Astrophysics Data System}
}

@ARTICLE{browning10	,
   author = {{Browning}, M.~K. and {Basri}, G. and {Marcy}, G.~W. and {West}, A.~A. and 
	{Zhang}, J.},
    title = "{Rotation and Magnetic Activity in a Sample of M-Dwarfs}",
  journal = {\aj},
 keywords = {stars: activity, stars: low-mass, brown dwarfs, stars: rotation},
     year = 2010,
    month = feb,
   volume = 139,
    pages = {504-518},
      doi = {10.1088/0004-6256/139/2/504},
   adsurl = {http://adsabs.harvard.edu/abs/2010AJ....139..504B},
  adsnote = {Provided by the SAO/NASA Astrophysics Data System}
}

@ARTICLE{reiners07,
   author = {{Reiners}, A. and {Basri}, G.},
    title = "{The First Direct Measurements of Surface Magnetic Fields on Very Low Mass Stars}",
  journal = {ApJ},
   eprint = {astro-ph/0610365},
 keywords = {Stars: Low-Mass, Brown Dwarfs, Stars: Magnetic Fields},
     year = 2007,
    month = feb,
   volume = 656,
    pages = {1121-1135},
      doi = {10.1086/510304},
   adsurl = {http://adsabs.harvard.edu/abs/2007ApJ...656.1121R},
  adsnote = {Provided by the SAO/NASA Astrophysics Data System}
}

@ARTICLE{hebrard14,
   author = {{H{\'e}brard}, {\'E}.~M. and {Donati}, J.-F. and {Delfosse}, X. and 
	{Morin}, J. and {Boisse}, I. and {Moutou}, C. and {H{\'e}brard}, G.
	},
    title = "{Detecting planets around active stars: impact of magnetic fields on radial velocities and line bisectors}",
  journal = {MNRAS},
 keywords = {line: profiles, techniques: polarimetric, techniques: radial velocities, stars: magnetic field, starspots},
     year = 2014,
    month = sep,
   volume = 443,
    pages = {2599-2611},
      doi = {10.1093/mnras/stu1285},
   adsurl = {http://adsabs.harvard.edu/abs/2014MNRAS.443.2599H},
  adsnote = {Provided by the SAO/NASA Astrophysics Data System}
}

@ARTICLE{reiners13,
   author = {{Reiners}, A. and {Shulyak}, D. and {Anglada-Escud{\'e}}, G. and 
	{Jeffers}, S.~V. and {Morin}, J. and {Zechmeister}, M. and {Kochukhov}, O. and 
	{Piskunov}, N.},
    title = "{Radial velocity signatures of Zeeman broadening}",
  journal = {A\&A},
archivePrefix = "arXiv",
   eprint = {1301.2951},
 primaryClass = "astro-ph.SR",
 keywords = {line: profiles, techniques: radial velocities, stars: activity, starspots, stars: magnetic field},
     year = 2013,
    month = apr,
   volume = 552,
      eid = {A103},
    pages = {A103},
      doi = {10.1051/0004-6361/201220437},
   adsurl = {http://adsabs.harvard.edu/abs/2013A%26A...552A.103R},
  adsnote = {Provided by the SAO/NASA Astrophysics Data System}
}

@ARTICLE{reiners12a,
   author = {{Reiners}, A. and {Joshi}, N. and {Goldman}, B.},
    title = "{A Catalog of Rotation and Activity in Early-M Stars}",
  journal = {AJ},
archivePrefix = "arXiv",
   eprint = {1201.5774},
 primaryClass = "astro-ph.SR",
 keywords = {stars: activity, stars: low-mass, stars: rotation},
     year = 2012,
    month = apr,
   volume = 143,
      eid = {93},
    pages = {93},
      doi = {10.1088/0004-6256/143/4/93},
   adsurl = {http://adsabs.harvard.edu/abs/2012AJ....143...93R},
  adsnote = {Provided by the SAO/NASA Astrophysics Data System}
}

@ARTICLE{agol05,
   author = {{Agol}, E. and {Steffen}, J. and {Sari}, R. and {Clarkson}, W.
	},
    title = "{On detecting terrestrial planets with timing of giant planet transits}",
  journal = {MNRAS},
   eprint = {astro-ph/0412032},
 keywords = {eclipses, planetary systems, extrasolar planets, transiting planets, planetary dynamics},
     year = 2005,
    month = may,
   volume = 359,
    pages = {567-579},
      doi = {10.1111/j.1365-2966.2005.08922.x},
   adsurl = {http://adsabs.harvard.edu/abs/2005MNRAS.359..567A},
  adsnote = {Provided by the SAO/NASA Astrophysics Data System}
}

@ARTICLE{payne10,
   author = {{Payne}, M.~J. and {Ford}, E.~B. and {Veras}, D.},
    title = "{Transit Timing Variations for Inclined and Retrograde Exoplanetary Systems}",
  journal = {ApJL},
archivePrefix = "arXiv",
   eprint = {1003.2418},
 primaryClass = "astro-ph.EP",
 keywords = {celestial mechanics, methods: numerical, planetary systems},
     year = 2010,
    month = mar,
   volume = 712,
    pages = {L86-L92},
      doi = {10.1088/2041-8205/712/1/L86},
   adsurl = {http://adsabs.harvard.edu/abs/2010ApJ...712L..86P},
  adsnote = {Provided by the SAO/NASA Astrophysics Data System}
}

@ARTICLE{beichman14,
   author = {{Beichman}, C. and {Benneke}, B. and {Knutson}, H. and {Smith}, R. and 
	{Lagage}, P.-O. and {Dressing}, C. and {Latham}, D. and {Lunine}, J. and 
	{Birkmann}, S. and {Ferruit}, P. and {Giardino}, G. and {Kempton}, E. and 
	{Carey}, S. and {Krick}, J. and {Deroo}, P.~D. and {Mandell}, A. and 
	{Ressler}, M.~E. and {Shporer}, A. and {Swain}, M. and {Vasisht}, G. and 
	{Ricker}, G. and {Bouwman}, J. and {Crossfield}, I. and {Greene}, T. and 
	{Howell}, S. and {Christiansen}, J. and {Ciardi}, D. and {Clampin}, M. and 
	{Greenhouse}, M. and {Sozzetti}, A. and {Goudfrooij}, P. and 
	{Hines}, D. and {Keyes}, T. and {Lee}, J. and {McCullough}, P. and 
	{Robberto}, M. and {Stansberry}, J. and {Valenti}, J. and {Rieke}, M. and 
	{Rieke}, G. and {Fortney}, J. and {Bean}, J. and {Kreidberg}, L. and 
	{Ehrenreich}, D. and {Deming}, D. and {Albert}, L. and {Doyon}, R. and 
	{Sing}, D.},
    title = "{Observations of Transiting Exoplanets with the James Webb Space Telescope (JWST)}",
  journal = {PASP},
     year = 2014,
    month = dec,
   volume = 126,
    pages = {1134-1173},
      doi = {10.1086/679566},
   adsurl = {http://adsabs.harvard.edu/abs/2014PASP..126.1134B},
  adsnote = {Provided by the SAO/NASA Astrophysics Data System}
}

@INPROCEEDINGS{ricker14,
   author = {{Ricker}, G.~R. and {Winn}, J.~N. and {Vanderspek}, R. and {Latham}, D.~W. and 
	{Bakos}, G.~{\'A}. and {Bean}, J.~L. and {Berta-Thompson}, Z.~K. and 
	{Brown}, T.~M. and {Buchhave}, L. and {Butler}, N.~R. and {Butler}, R.~P. and 
	{Chaplin}, W.~J. and {Charbonneau}, D. and {Christensen-Dalsgaard}, J. and 
	{Clampin}, M. and {Deming}, D. and {Doty}, J. and {De Lee}, N. and 
	{Dressing}, C. and {Dunham}, E.~W. and {Endl}, M. and {Fressin}, F. and 
	{Ge}, J. and {Henning}, T. and {Holman}, M.~J. and {Howard}, A.~W. and 
	{Ida}, S. and {Jenkins}, J. and {Jernigan}, G. and {Johnson}, J.~A. and 
	{Kaltenegger}, L. and {Kawai}, N. and {Kjeldsen}, H. and {Laughlin}, G. and 
	{Levine}, A.~M. and {Lin}, D. and {Lissauer}, J.~J. and {MacQueen}, P. and 
	{Marcy}, G. and {McCullough}, P.~R. and {Morton}, T.~D. and 
	{Narita}, N. and {Paegert}, M. and {Palle}, E. and {Pepe}, F. and 
	{Pepper}, J. and {Quirrenbach}, A. and {Rinehart}, S.~A. and 
	{Sasselov}, D. and {Sato}, B. and {Seager}, S. and {Sozzetti}, A. and 
	{Stassun}, K.~G. and {Sullivan}, P. and {Szentgyorgyi}, A. and 
	{Torres}, G. and {Udry}, S. and {Villasenor}, J.},
    title = "{Transiting Exoplanet Survey Satellite (TESS)}",
booktitle = {Space Telescopes and Instrumentation 2014: Optical, Infrared, and Millimeter Wave},
     year = 2014,
   series = {SPIE},
   volume = 9143,
archivePrefix = "arXiv",
   eprint = {1406.0151},
 primaryClass = "astro-ph.EP",
    month = aug,
      eid = {914320},
    pages = {914320},
      doi = {10.1117/12.2063489},
   adsurl = {http://adsabs.harvard.edu/abs/2014SPIE.9143E..20R},
  adsnote = {Provided by the SAO/NASA Astrophysics Data System}
}

@ARTICLE{sullivan15,
   author = {{Sullivan}, P.~W. and {Winn}, J.~N. and {Berta-Thompson}, Z.~K. and
        {Charbonneau}, D. and {Deming}, D. and {Dressing}, C.~D. and
        {Latham}, D.~W. and {Levine}, A.~M. and {McCullough}, P.~R. and
        {Morton}, T. and {Ricker}, G.~R. and {Vanderspek}, R. and {Woods}, D.
        },
    title = "{The Transiting Exoplanet Survey Satellite: Simulations of Planet Detections and Astrophysical False Positives}",
  journal = {ApJ},
archivePrefix = "arXiv",
   eprint = {1506.03845},
 primaryClass = "astro-ph.EP",
 keywords = {planets and satellites: detection, space vehicles: instruments, surveys},
     year = 2015,
    month = aug,
   volume = 809,
      eid = {77},
    pages = {77},
      doi = {10.1088/0004-637X/809/1/77},
   adsurl = {http://adsabs.harvard.edu/abs/2015ApJ...809...77S},
  adsnote = {Provided by the SAO/NASA Astrophysics Data System}
}

@ARTICLE{reiners12b,
   author = {{Reiners}, A. and {Mohanty}, S.},
    title = "{Radius-dependent Angular Momentum Evolution in Low-mass Stars. I}",
  journal = {ApJ},
archivePrefix = "arXiv",
   eprint = {1111.7071},
 primaryClass = "astro-ph.SR",
 keywords = {stars: low-mass, stars: magnetic field, stars: rotation},
     year = 2012,
    month = feb,
   volume = 746,
      eid = {43},
    pages = {43},
      doi = {10.1088/0004-637X/746/1/43},
   adsurl = {http://adsabs.harvard.edu/abs/2012ApJ...746...43R},
  adsnote = {Provided by the SAO/NASA Astrophysics Data System}
}

@ARTICLE{mcquillan13b,
   author = {{McQuillan}, A. and {Mazeh}, T. and {Aigrain}, S.},
    title = "{Stellar Rotation Periods of the Kepler Objects of Interest: A Dearth of Close-in Planets around Fast Rotators}",
  journal = {ApJL},
archivePrefix = "arXiv",
   eprint = {1308.1845},
 primaryClass = "astro-ph.EP",
 keywords = {methods: observational, planets and satellites: dynamical evolution and stability, planet-star interactions, stars: rotation },
     year = 2013,
    month = sep,
   volume = 775,
      eid = {L11},
    pages = {L11},
      doi = {10.1088/2041-8205/775/1/L11},
   adsurl = {http://adsabs.harvard.edu/abs/2013ApJ...775L..11M},
  adsnote = {Provided by the SAO/NASA Astrophysics Data System}
}

@ARTICLE{brown01,
   author = {{Brown}, T.~M.},
    title = "{Transmission Spectra as Diagnostics of Extrasolar Giant Planet Atmospheres}",
  journal = {ApJ},
   eprint = {astro-ph/0101307},
 keywords = {Stars: Binaries: Eclipsing, Stars: Planetary Systems, Techniques: Spectroscopic},
     year = 2001,
    month = jun,
   volume = 553,
    pages = {1006-1026},
      doi = {10.1086/320950},
   adsurl = {http://adsabs.harvard.edu/abs/2001ApJ...553.1006B},
  adsnote = {Provided by the SAO/NASA Astrophysics Data System}
}

@ARTICLE{vanderburg16,
   author = {{Vanderburg}, A. and {Plavchan}, P. and {Johnson}, J.~A. and 
	{Ciardi}, D.~R. and {Swift}, J. and {Kane}, S.~R.},
    title = "{Radial Velocity Planet Detection Biases at the Stellar Rotational Period}",
  journal = {ArXiv e-prints},
archivePrefix = "arXiv",
   eprint = {1604.03143},
 primaryClass = "astro-ph.EP",
 keywords = {Astrophysics - Earth and Planetary Astrophysics, Astrophysics - Solar and Stellar Astrophysics},
     year = 2016,
    month = apr,
   adsurl = {http://adsabs.harvard.edu/abs/2016arXiv160403143V},
  adsnote = {Provided by the SAO/NASA Astrophysics Data System}
}

@ARTICLE{newton16b,
   author = {{Newton}, E.~R. and {Irwin}, J. and {Charbonneau}, D. and {Berta-Thompson}, Z.~K. and 
	{Dittmann}, J.~A.},
    title = "{The Impact of Stellar Rotation on the Detectability of Habitable Planets Around M Dwarfs}",
  journal = {ArXiv e-prints},
archivePrefix = "arXiv",
   eprint = {1604.03135},
 primaryClass = "astro-ph.EP",
 keywords = {Astrophysics - Earth and Planetary Astrophysics, Astrophysics - Solar and Stellar Astrophysics},
     year = 2016,
    month = apr,
   adsurl = {http://adsabs.harvard.edu/abs/2016arXiv160403135N},
  adsnote = {Provided by the SAO/NASA Astrophysics Data System}
}

@ARTICLE{shulyak10,
   author = {{Shulyak}, D. and {Reiners}, A. and {Wende}, S. and {Kochukhov}, O. and 
	{Piskunov}, N. and {Seifahrt}, A.},
    title = "{Modelling the molecular Zeeman-effect in M-dwarfs: methods and first results}",
  journal = {A\&A},
archivePrefix = "arXiv",
   eprint = {1008.2512},
 primaryClass = "astro-ph.SR",
 keywords = {stars: atmospheres, stars: low-mass, stars: magnetic field},
     year = 2010,
    month = nov,
   volume = 523,
      eid = {A37},
    pages = {A37},
      doi = {10.1051/0004-6361/201015229},
   adsurl = {http://adsabs.harvard.edu/abs/2010A%26A...523A..37S},
  adsnote = {Provided by the SAO/NASA Astrophysics Data System}
}

@ARTICLE{reiners10,
   author = {{Reiners}, A. and {Bean}, J.~L. and {Huber}, K.~F. and {Dreizler}, S. and 
	{Seifahrt}, A. and {Czesla}, S.},
    title = "{Detecting Planets Around Very Low Mass Stars with the Radial Velocity Method}",
  journal = {ApJ},
archivePrefix = "arXiv",
   eprint = {0909.0002},
 primaryClass = "astro-ph.SR",
 keywords = {brown dwarfs, stars: activity, stars: low-mass, starspots, techniques: radial velocities},
     year = 2010,
    month = feb,
   volume = 710,
    pages = {432-443},
      doi = {10.1088/0004-637X/710/1/432},
   adsurl = {http://adsabs.harvard.edu/abs/2010ApJ...710..432R},
  adsnote = {Provided by the SAO/NASA Astrophysics Data System}
}

@ARTICLE{reiners10b,
   author = {{Reiners}, A. and {Basri}, G.},
    title = "{A Volume-Limited Sample of 63 M7-M9.5 Dwarfs. II. Activity, Magnetism, and the Fade of the Rotation-Dominated Dynamo}",
  journal = {ApJ},
archivePrefix = "arXiv",
   eprint = {0912.4259},
 primaryClass = "astro-ph.SR",
 keywords = {brown dwarfs, stars: low-mass, stars: magnetic field},
     year = 2010,
    month = feb,
   volume = 710,
    pages = {924-935},
      doi = {10.1088/0004-637X/710/2/924},
   adsurl = {http://adsabs.harvard.edu/abs/2010ApJ...710..924R},
  adsnote = {Provided by the SAO/NASA Astrophysics Data System}
}

@ARTICLE{west15,
   author = {{West}, A.~A. and {Weisenburger}, K.~L. and {Irwin}, J. and 
	{Berta-Thompson}, Z.~K. and {Charbonneau}, D. and {Dittmann}, J. and 
	{Pineda}, J.~S.},
    title = "{An Activity-Rotation Relationship and Kinematic Analysis of Nearby Mid-to-Late-Type M Dwarfs}",
  journal = {ApJ},
archivePrefix = "arXiv",
   eprint = {1509.01590},
 primaryClass = "astro-ph.SR",
 keywords = {stars: activity, stars: chromospheres, stars: kinematics and dynamics, stars: late-type, stars: low-mass, stars: rotation},
     year = 2015,
    month = oct,
   volume = 812,
      eid = {3},
    pages = {3},
      doi = {10.1088/0004-637X/812/1/3},
   adsurl = {http://adsabs.harvard.edu/abs/2015ApJ...812....3W},
  adsnote = {Provided by the SAO/NASA Astrophysics Data System}
}

@ARTICLE{pepe13,
   author = {{Pepe}, F. and {Cameron}, A.~C. and {Latham}, D.~W. and {Molinari}, E. and 
	{Udry}, S. and {Bonomo}, A.~S. and {Buchhave}, L.~A. and {Charbonneau}, D. and 
	{Cosentino}, R. and {Dressing}, C.~D. and {Dumusque}, X. and 
	{Figueira}, P. and {Fiorenzano}, A.~F.~M. and {Gettel}, S. and 
	{Harutyunyan}, A. and {Haywood}, R.~D. and {Horne}, K. and {Lopez-Morales}, M. and 
	{Lovis}, C. and {Malavolta}, L. and {Mayor}, M. and {Micela}, G. and 
	{Motalebi}, F. and {Nascimbeni}, V. and {Phillips}, D. and {Piotto}, G. and 
	{Pollacco}, D. and {Queloz}, D. and {Rice}, K. and {Sasselov}, D. and 
	{S{\'e}gransan}, D. and {Sozzetti}, A. and {Szentgyorgyi}, A. and 
	{Watson}, C.~A.},
    title = "{An Earth-sized planet with an Earth-like density}",
  journal = {Nature},
archivePrefix = "arXiv",
   eprint = {1310.7987},
 primaryClass = "astro-ph.EP",
     year = 2013,
    month = nov,
   volume = 503,
    pages = {377-380},
      doi = {10.1038/nature12768},
   adsurl = {http://adsabs.harvard.edu/abs/2013Natur.503..377P},
  adsnote = {Provided by the SAO/NASA Astrophysics Data System}
}

@ARTICLE{boisse11,
   author = {{Boisse}, I. and {Bouchy}, F. and {H{\'e}brard}, G. and {Bonfils}, X. and 
	{Santos}, N. and {Vauclair}, S.},
    title = "{Disentangling between stellar activity and planetary signals}",
  journal = {A\&A},
 keywords = {techniques: radial velocities, stars: activity, stars: individual:{$\iota$}Hor, stars: individual: HD 189733, stars: individual: GJ 674, stars: individual: CoRoT-7},
     year = 2011,
    month = apr,
   volume = 528,
      eid = {A4},
    pages = {A4},
      doi = {10.1051/0004-6361/201014354},
   adsurl = {http://adsabs.harvard.edu/abs/2011A%26A...528A...4B},
  adsnote = {Provided by the SAO/NASA Astrophysics Data System}
}

@ARTICLE{wu03,
   author = {{Wu}, Y. and {Murray}, N.},
    title = "{Planet Migration and Binary Companions: The Case of HD 80606b}",
  journal = {ApJ},
   eprint = {astro-ph/0303010},
 keywords = {Stars: Planetary Systems, Stars: Individual: Henry Draper Number: HD 80606b},
     year = 2003,
    month = may,
   volume = 589,
    pages = {605-614},
      doi = {10.1086/374598},
   adsurl = {http://adsabs.harvard.edu/abs/2003ApJ...589..605W},
  adsnote = {Provided by the SAO/NASA Astrophysics Data System}
}

@ARTICLE{queloz00,
   author = {{Queloz}, D. and {Eggenberger}, A. and {Mayor}, M. and {Perrier}, C. and 
	{Beuzit}, J.~L. and {Naef}, D. and {Sivan}, J.~P. and {Udry}, S.
	},
    title = "{Detection of a spectroscopic transit by the planet orbiting the star HD209458}",
  journal = {A\&A},
   eprint = {astro-ph/0006213},
 keywords = {STARS: BINARIES: SPECTROSCOPIC, STARS: BINARIES: ECLIPSING, STARS: INDIVIDUAL: HD209458, STARS: PLANETARY SYSTEMS},
     year = 2000,
    month = jul,
   volume = 359,
    pages = {L13-L17},
   adsurl = {http://adsabs.harvard.edu/abs/2000A%26A...359L..13Q},
  adsnote = {Provided by the SAO/NASA Astrophysics Data System}
}

@ARTICLE{albrecht12,
   author = {{Albrecht}, S. and {Winn}, J.~N. and {Johnson}, J.~A. and {Howard}, A.~W. and 
	{Marcy}, G.~W. and {Butler}, R.~P. and {Arriagada}, P. and {Crane}, J.~D. and 
	{Shectman}, S.~A. and {Thompson}, I.~B. and {Hirano}, T. and 
	{Bakos}, G. and {Hartman}, J.~D.},
    title = "{Obliquities of Hot Jupiter Host Stars: Evidence for Tidal Interactions and Primordial Misalignments}",
  journal = {ApJ},
archivePrefix = "arXiv",
   eprint = {1206.6105},
 primaryClass = "astro-ph.SR",
 keywords = {planetary systems, planets and satellites: formation, planet-star interactions, stars: rotation, techniques: spectroscopic },
     year = 2012,
    month = sep,
   volume = 757,
      eid = {18},
    pages = {18},
      doi = {10.1088/0004-637X/757/1/18},
   adsurl = {http://adsabs.harvard.edu/abs/2012ApJ...757...18A},
  adsnote = {Provided by the SAO/NASA Astrophysics Data System}
}

@ARTICLE{brown12,
   author = {{Brown}, D.~J.~A. and {Cameron}, A.~C. and {Anderson}, D.~R. and 
	{Enoch}, B. and {Hellier}, C. and {Maxted}, P.~F.~L. and {Miller}, G.~R.~M. and 
	{Pollacco}, D. and {Queloz}, D. and {Simpson}, E. and {Smalley}, B. and 
	{Triaud}, A.~H.~M.~J. and {Boisse}, I. and {Bouchy}, F. and 
	{Gillon}, M. and {H{\'e}brard}, G.},
    title = "{Rossiter-McLaughlin effect measurements for WASP-16, WASP-25 and WASP-31}",
  journal = {MNRAS},
archivePrefix = "arXiv",
   eprint = {1203.4971},
 primaryClass = "astro-ph.EP",
 keywords = {techniques: radial velocities, stars: individual: WASP-16, stars: individual: WASP-25, stars: individual: WASP-31, planetary systems},
     year = 2012,
    month = jun,
   volume = 423,
    pages = {1503-1520},
      doi = {10.1111/j.1365-2966.2012.20973.x},
   adsurl = {http://adsabs.harvard.edu/abs/2012MNRAS.423.1503B},
  adsnote = {Provided by the SAO/NASA Astrophysics Data System}
}

@ARTICLE{rasio96,
   author = {{Rasio}, F.~A. and {Ford}, E.~B.},
    title = "{Dynamical instabilities and the formation of extrasolar planetary systems}",
  journal = {Science},
 keywords = {Aerospace Sciences, Computerized Simulation, Planetary Systems, Planets, Solar System, Gravitation, Orbits, Stability, Units Of Measurement},
     year = 1996,
    month = nov,
   volume = 274,
    pages = {954-956},
      doi = {10.1126/science.274.5289.954},
   adsurl = {http://adsabs.harvard.edu/abs/1996Sci...274..954R},
  adsnote = {Provided by the SAO/NASA Astrophysics Data System}
}

@ARTICLE{weidenschilling96,
   author = {{Weidenschilling}, S.~J. and {Marzari}, F.},
    title = "{Gravitational scattering as a possible origin for giant planets at small stellar distances}",
  journal = {Nature},
     year = 1996,
    month = dec,
   volume = 384,
    pages = {619-621},
      doi = {10.1038/384619a0},
   adsurl = {http://adsabs.harvard.edu/abs/1996Natur.384..619W},
  adsnote = {Provided by the SAO/NASA Astrophysics Data System}
}

@ARTICLE{reiners09,
   author = {{Reiners}, A.},
    title = "{Activity-induced radial velocity jitter in a flaring M dwarf}",
  journal = {A\&A},
archivePrefix = "arXiv",
   eprint = {0903.2661},
 primaryClass = "astro-ph.SR",
 keywords = {stars: activity, stars: late-type, stars: individual: CN Leo, instrumentation: spectrographs, techniques: radial velocities},
     year = 2009,
    month = may,
   volume = 498,
    pages = {853-861},
      doi = {10.1051/0004-6361/200810257},
   adsurl = {http://adsabs.harvard.edu/abs/2009A%26A...498..853R},
  adsnote = {Provided by the SAO/NASA Astrophysics Data System}
}

@ARTICLE{davenport14,
   author = {{Davenport}, J.~R.~A. and {Hawley}, S.~L. and {Hebb}, L. and 
	{Wisniewski}, J.~P. and {Kowalski}, A.~F. and {Johnson}, E.~C. and 
	{Malatesta}, M. and {Peraza}, J. and {Keil}, M. and {Silverberg}, S.~M. and 
	{Jansen}, T.~C. and {Scheffler}, M.~S. and {Berdis}, J.~R. and 
	{Larsen}, D.~M. and {Hilton}, E.~J.},
    title = "{Kepler Flares. II. The Temporal Morphology of White-light Flares on GJ 1243}",
  journal = {ApJ},
archivePrefix = "arXiv",
   eprint = {1411.3723},
 primaryClass = "astro-ph.SR",
 keywords = {stars: activity, stars: flare, stars: low-mass },
     year = 2014,
    month = dec,
   volume = 797,
      eid = {122},
    pages = {122},
      doi = {10.1088/0004-637X/797/2/122},
   adsurl = {http://adsabs.harvard.edu/abs/2014ApJ...797..122D},
  adsnote = {Provided by the SAO/NASA Astrophysics Data System}
}

@ARTICLE{schmidt12,
   author = {{Schmidt}, S.~J. and {Kowalski}, A.~F. and {Hawley}, S.~L. and 
	{Hilton}, E.~J. and {Wisniewski}, J.~P. and {Tofflemire}, B.~M.
	},
    title = "{Probing the Flare Atmospheres of M Dwarfs Using Infrared Emission Lines}",
  journal = {ApJ},
archivePrefix = "arXiv",
   eprint = {1111.7072},
 primaryClass = "astro-ph.SR",
 keywords = {line: formation, stars: activity, stars: chromospheres, stars: flare, stars: late-type},
     year = 2012,
    month = jan,
   volume = 745,
      eid = {14},
    pages = {14},
      doi = {10.1088/0004-637X/745/1/14},
   adsurl = {http://adsabs.harvard.edu/abs/2012ApJ...745...14S},
  adsnote = {Provided by the SAO/NASA Astrophysics Data System}
}

@INPROCEEDINGS{gillon11,
   author = {{Gillon}, M. and {Jehin}, E. and {Magain}, P. and {Chantry}, V. and 
	{Hutsem{\'e}kers}, D. and {Manfroid}, J. and {Queloz}, D. and 
	{Udry}, S.},
    title = "{TRAPPIST: a robotic telescope dedicated to the study of planetary systems}",
booktitle = {European Physical Journal Web of Conferences},
     year = 2011,
   series = {European Physical Journal Web of Conferences},
   volume = 11,
archivePrefix = "arXiv",
   eprint = {1101.5807},
 primaryClass = "astro-ph.EP",
    month = feb,
      eid = {06002},
    pages = {06002},
      doi = {10.1051/epjconf/20101106002},
   adsurl = {http://adsabs.harvard.edu/abs/2011EPJWC..1106002G},
  adsnote = {Provided by the SAO/NASA Astrophysics Data System}
}

@INPROCEEDINGS{gillon13,
   author = {{Gillon}, M. and {Jehin}, E. and {Delrez}, L. and {Magain}, P. and 
	{Opitom}, C. and {Sohy}, S.},
    title = "{SPECULOOS: Search for habitable Planets EClipsing ULtra-cOOl Stars}",
booktitle = {Protostars and Planets VI Posters},
     year = 2013,
    month = jul,
   adsurl = {http://adsabs.harvard.edu/abs/2013prpl.conf2K066G},
  adsnote = {Provided by the SAO/NASA Astrophysics Data System}
}

@ARTICLE{gizis00,
   author = {{Gizis}, J.~E. and {Monet}, D.~G. and {Reid}, I.~N. and {Kirkpatrick}, J.~D. and 
	{Liebert}, J. and {Williams}, R.~J.},
    title = "{New Neighbors from 2MASS: Activity and Kinematics at the Bottom of the Main Sequence}",
  journal = {\aj},
   eprint = {astro-ph/0004361},
 keywords = {Galaxy: Solar Neighborhood, Stars: Activity, Stars: Kinematics, Stars: Low-Mass, Brown Dwarfs, Stars: Luminosity Function, Mass Function},
     year = 2000,
    month = aug,
   volume = 120,
    pages = {1085-1099},
      doi = {10.1086/301456},
   adsurl = {http://adsabs.harvard.edu/abs/2000AJ....120.1085G},
  adsnote = {Provided by the SAO/NASA Astrophysics Data System}
}

@ARTICLE{schmidt07,
   author = {{Schmidt}, S.~J. and {Cruz}, K.~L. and {Bongiorno}, B.~J. and 
	{Liebert}, J. and {Reid}, I.~N.},
    title = "{Activity and Kinematics of Ultracool Dwarfs, Including an Amazing Flare Observation}",
  journal = {\aj},
   eprint = {astro-ph/0701055},
 keywords = {Galaxy: stellar content, solar neighborhood, stars: activity, stars: flare, stars: late-type, stars: low-mass, brown dwarfs},
     year = 2007,
    month = may,
   volume = 133,
    pages = {2258-2273},
      doi = {10.1086/512158},
   adsurl = {http://adsabs.harvard.edu/abs/2007AJ....133.2258S},
  adsnote = {Provided by the SAO/NASA Astrophysics Data System}
}

@ARTICLE{lee10,
   author = {{Lee}, K.-G. and {Berger}, E. and {Knapp}, G.~R.},
    title = "{Short-term H{$\alpha$} Variability in M Dwarfs}",
  journal = {ApJ},
archivePrefix = "arXiv",
   eprint = {0905.3182},
 primaryClass = "astro-ph.SR",
 keywords = {stars: activity, stars: flare, stars: late-type, stars: magnetic fields},
     year = 2010,
    month = jan,
   volume = 708,
    pages = {1482-1491},
      doi = {10.1088/0004-637X/708/2/1482},
   adsurl = {http://adsabs.harvard.edu/abs/2010ApJ...708.1482L},
  adsnote = {Provided by the SAO/NASA Astrophysics Data System}
}

@ARTICLE{claret11,
   author = {{Claret}, A. and {Bloemen}, S.},
    title = "{Gravity and limb-darkening coefficients for the Kepler, CoRoT, Spitzer, uvby, UBVRIJHK, and Sloan photometric systems}",
  journal = {A\&A},
 keywords = {binaries: eclipsing, stars: interiors, stars: rotation, stars: atmospheres, planetary systems},
     year = 2011,
    month = may,
   volume = 529,
      eid = {A75},
    pages = {A75},
      doi = {10.1051/0004-6361/201116451},
   adsurl = {http://adsabs.harvard.edu/abs/2011A%26A...529A..75C},
  adsnote = {Provided by the SAO/NASA Astrophysics Data System}
}

@ARTICLE{eastman13,
   author = {{Eastman}, J. and {Gaudi}, B.~S. and {Agol}, E.},
    title = "{EXOFAST: A Fast Exoplanetary Fitting Suite in IDL}",
  journal = {PASP},
archivePrefix = "arXiv",
   eprint = {1206.5798},
 primaryClass = "astro-ph.IM",
     year = 2013,
    month = jan,
   volume = 125,
    pages = {83-112},
      doi = {10.1086/669497},
   adsurl = {http://adsabs.harvard.edu/abs/2013PASP..125...83E},
  adsnote = {Provided by the SAO/NASA Astrophysics Data System}
}

@ARTICLE{payne07,
   author = {{Payne}, M.~J. and {Lodato}, G.},
    title = "{The potential for Earth-mass planet formation around brown dwarfs}",
  journal = {MNRAS},
archivePrefix = "arXiv",
   eprint = {0709.0676},
 keywords = {stars: low-mass, brown dwarfs, planetary systems: formation},
     year = 2007,
    month = nov,
   volume = 381,
    pages = {1597-1606},
      doi = {10.1111/j.1365-2966.2007.12362.x},
   adsurl = {http://adsabs.harvard.edu/abs/2007MNRAS.381.1597P},
  adsnote = {Provided by the SAO/NASA Astrophysics Data System}
}

@ARTICLE{seager00,
   author = {{Seager}, S. and {Sasselov}, D.~D.},
    title = "{Theoretical Transmission Spectra during Extrasolar Giant Planet Transits}",
  journal = {ApJ},
   eprint = {astro-ph/9912241},
 keywords = {Stars: Planetary Systems, Radiative Transfer, Stars: Atmospheres},
     year = 2000,
    month = jul,
   volume = 537,
    pages = {916-921},
      doi = {10.1086/309088},
   adsurl = {http://adsabs.harvard.edu/abs/2000ApJ...537..916S},
  adsnote = {Provided by the SAO/NASA Astrophysics Data System}
}

@ARTICLE{baraffe02,
   author = {{Baraffe}, I. and {Chabrier}, G. and {Allard}, F. and {Hauschildt}, P.~H.
	},
    title = "{Evolutionary models for low-mass stars and brown dwarfs: Uncertainties and limits at very young ages}",
  journal = {A\&A},
   eprint = {astro-ph/0111385},
 keywords = {STARS: LOW-MASS, BROWN DWARFS, STARS: EVOLUTION, STARS: PRE-MAIN SEQUENCE},
     year = 2002,
    month = feb,
   volume = 382,
    pages = {563-572},
      doi = {10.1051/0004-6361:20011638},
   adsurl = {http://adsabs.harvard.edu/abs/2002A%26A...382..563B},
  adsnote = {Provided by the SAO/NASA Astrophysics Data System}
}

@ARTICLE{padoan02,
   author = {{Padoan}, P. and {Nordlund}, {\AA}.},
    title = "{The Stellar Initial Mass Function from Turbulent Fragmentation}",
  journal = {ApJ},
   eprint = {astro-ph/0011465},
 keywords = {ISM: Kinematics and Dynamics, Stars: Formation, Stars: Luminosity Function, Mass Function, Turbulence},
     year = 2002,
    month = sep,
   volume = 576,
    pages = {870-879},
      doi = {10.1086/341790},
   adsurl = {http://adsabs.harvard.edu/abs/2002ApJ...576..870P},
  adsnote = {Provided by the SAO/NASA Astrophysics Data System}
}

@ARTICLE{kirkpatrick95,
   author = {{Kirkpatrick}, J.~D. and {Henry}, T.~J. and {Simons}, D.~A.},
    title = "{The solar neighborhood. 2: The first list of dwarfs with spectral types of M7 and cooler}",
  journal = {\aj},
 keywords = {Classifications, Dwarf Stars, M Stars, Solar Neighborhood, Stellar Spectra, Astronomical Spectroscopy, Radial Velocity, Stellar Luminosity},
     year = 1995,
    month = feb,
   volume = 109,
    pages = {797-807},
      doi = {10.1086/117323},
   adsurl = {http://adsabs.harvard.edu/abs/1995AJ....109..797K},
  adsnote = {Provided by the SAO/NASA Astrophysics Data System}
}

@ARTICLE{gillon13b,
   author = {{Gillon}, M. and {Triaud}, A.~H.~M.~J. and {Jehin}, E. and {Delrez}, L. and 
	{Opitom}, C. and {Magain}, P. and {Lendl}, M. and {Queloz}, D.
	},
    title = "{Fast-evolving weather for the coolest of our two new substellar neighbours}",
  journal = {A\&A},
archivePrefix = "arXiv",
   eprint = {1304.0481},
 primaryClass = "astro-ph.SR",
 keywords = {brown dwarfs, stars: individual: WISE-J104915.57-531906.1, solar neighborhood, techniques: photometric},
     year = 2013,
    month = jul,
   volume = 555,
      eid = {L5},
    pages = {L5},
      doi = {10.1051/0004-6361/201321620},
   adsurl = {http://adsabs.harvard.edu/abs/2013A%26A...555L...5G},
  adsnote = {Provided by the SAO/NASA Astrophysics Data System}
}

@ARTICLE{millerricci09,
   author = {{Miller-Ricci}, E. and {Seager}, S. and {Sasselov}, D.},
    title = "{The Atmospheric Signatures of Super-Earths: How to Distinguish Between Hydrogen-Rich and Hydrogen-Poor Atmospheres}",
  journal = {ApJ},
archivePrefix = "arXiv",
   eprint = {0808.1902},
 keywords = {planetary systems, stars: individual: Gl 581},
     year = 2009,
    month = jan,
   volume = 690,
    pages = {1056-1067},
      doi = {10.1088/0004-637X/690/2/1056},
   adsurl = {http://adsabs.harvard.edu/abs/2009ApJ...690.1056M},
  adsnote = {Provided by the SAO/NASA Astrophysics Data System}
}


@ARTICLE{kaltenegger09,
   author = {{Kaltenegger}, L. and {Traub}, W.~A.},
    title = "{Transits of Earth-like Planets}",
  journal = {ApJ},
archivePrefix = "arXiv",
   eprint = {0903.3371},
 primaryClass = "astro-ph.IM",
 keywords = {astrobiology, Earth, planets and satellites: general, techniques: spectroscopic},
     year = 2009,
    month = jun,
   volume = 698,
    pages = {519-527},
      doi = {10.1088/0004-637X/698/1/519},
   adsurl = {http://adsabs.harvard.edu/abs/2009ApJ...698..519K},
  adsnote = {Provided by the SAO/NASA Astrophysics Data System}
}

@ARTICLE{dewit13,
   author = {{de Wit}, J. and {Seager}, S.},
    title = "{Constraining Exoplanet Mass from Transmission Spectroscopy}",
  journal = {Science},
archivePrefix = "arXiv",
   eprint = {1401.6181},
 primaryClass = "astro-ph.EP",
     year = 2013,
    month = dec,
   volume = 342,
    pages = {1473-1477},
      doi = {10.1126/science.1245450},
   adsurl = {http://adsabs.harvard.edu/abs/2013Sci...342.1473D},
  adsnote = {Provided by the SAO/NASA Astrophysics Data System}
}

@INPROCEEDINGS{quirrenbach14,
   author = {{Quirrenbach}, A. and {Amado}, P.~J. and {Caballero}, J.~A. and 
	{Mundt}, R. and {Reiners}, A. and {Ribas}, I. and {Seifert}, W. and 
	{Abril}, M. and {Aceituno}, J. and {Alonso-Floriano}, F.~J. and 
	{Ammler-von Eiff}, M. and {Antona Jim{\'e}nez}, R. and {Anwand-Heerwart}, H. and 
	{Azzaro}, M. and {Bauer}, F. and {Barrado}, D. and {Becerril}, S. and 
	{B{\'e}jar}, V.~J.~S. and {Ben{\'{\i}}tez}, D. and {Berdi{\~n}as}, Z.~M. and 
	{C{\'a}rdenas}, M.~C. and {Casal}, E. and {Claret}, A. and {Colom{\'e}}, J. and 
	{Cort{\'e}s-Contreras}, M. and {Czesla}, S. and {Doellinger}, M. and 
	{Dreizler}, S. and {Feiz}, C. and {Fern{\'a}ndez}, M. and {Galad{\'{\i}}}, D. and 
	{G{\'a}lvez-Ortiz}, M.~C. and {Garc{\'{\i}}a-Piquer}, A. and 
	{Garc{\'{\i}}a-Vargas}, M.~L. and {Garrido}, R. and {Gesa}, L. and 
	{G{\'o}mez Galera}, V. and {Gonz{\'a}lez {\'A}lvarez}, E. and 
	{Gonz{\'a}lez Hern{\'a}ndez}, J.~I. and {Gr{\"o}zinger}, U. and 
	{Gu{\`a}rdia}, J. and {Guenther}, E.~W. and {de Guindos}, E. and 
	{Guti{\'e}rrez-Soto}, J. and {Hagen}, H.-J. and {Hatzes}, A.~P. and 
	{Hauschildt}, P.~H. and {Helmling}, J. and {Henning}, T. and 
	{Hermann}, D. and {Hern{\'a}ndez Casta{\~n}o}, L. and {Herrero}, E. and 
	{Hidalgo}, D. and {Holgado}, G. and {Huber}, A. and {Huber}, K.~F. and 
	{Jeffers}, S. and {Joergens}, V. and {de Juan}, E. and {Kehr}, M. and 
	{Klein}, R. and {K{\"u}rster}, M. and {Lamert}, A. and {Lalitha}, S. and 
	{Laun}, W. and {Lemke}, U. and {Lenzen}, R. and {L{\'o}pez del Fresno}, M. and 
	{L{\'o}pez Mart{\'{\i}}}, B. and {L{\'o}pez-Santiago}, J. and 
	{Mall}, U. and {Mandel}, H. and {Mart{\'{\i}}n}, E.~L. and {Mart{\'{\i}}n-Ruiz}, S. and 
	{Mart{\'{\i}}nez-Rodr{\'{\i}}guez}, H. and {Marvin}, C.~J. and 
	{Mathar}, R.~J. and {Mirabet}, E. and {Montes}, D. and {Morales Mu{\~n}oz}, R. and 
	{Moya}, A. and {Naranjo}, V. and {Ofir}, A. and {Oreiro}, R. and 
	{Pall{\'e}}, E. and {Panduro}, J. and {Passegger}, V.-M. and 
	{P{\'e}rez-Calpena}, A. and {P{\'e}rez Medialdea}, D. and {Perger}, M. and 
	{Pluto}, M. and {Ram{\'o}n}, A. and {Rebolo}, R. and {Redondo}, P. and 
	{Reffert}, S. and {Reinhardt}, S. and {Rhode}, P. and {Rix}, H.-W. and 
	{Rodler}, F. and {Rodr{\'{\i}}guez}, E. and {Rodr{\'{\i}}guez-L{\'o}pez}, C. and 
	{Rodr{\'{\i}}guez-P{\'e}rez}, E. and {Rohloff}, R.-R. and {Rosich}, A. and 
	{S{\'a}nchez-Blanco}, E. and {S{\'a}nchez Carrasco}, M.~A. and 
	{Sanz-Forcada}, J. and {Sarmiento}, L.~F. and {Sch{\"a}fer}, S. and 
	{Schiller}, J. and {Schmidt}, C. and {Schmitt}, J.~H.~M.~M. and 
	{Solano}, E. and {Stahl}, O. and {Storz}, C. and {St{\"u}rmer}, J. and 
	{Su{\'a}rez}, J.~C. and {Ulbrich}, R.~G. and {Veredas}, G. and 
	{Wagner}, K. and {Winkler}, J. and {Zapatero Osorio}, M.~R. and 
	{Zechmeister}, M. and {Abell{\'a}n de Paco}, F.~J. and {Anglada-Escud{\'e}}, G. and 
	{del Burgo}, C. and {Klutsch}, A. and {Lizon}, J.~L. and {L{\'o}pez-Morales}, M. and 
	{Morales}, J.~C. and {Perryman}, M.~A.~C. and {Tulloch}, S.~M. and 
	{Xu}, W.},
    title = "{CARMENES instrument overview}",
booktitle = {Ground-based and Airborne Instrumentation for Astronomy V},
     year = 2014,
   series = {SPIE},
   volume = 9147,
    month = jul,
      eid = {91471F},
    pages = {91471F},
      doi = {10.1117/12.2056453},
   adsurl = {http://adsabs.harvard.edu/abs/2014SPIE.9147E..1FQ},
  adsnote = {Provided by the SAO/NASA Astrophysics Data System}
}

@ARTICLE{gillon16,
   author = {{Gillon}, M. and {Jehin}, E. and {Lederer}, S.~M. and {Delrez}, L. and 
	{de Wit}, J. and {Burdanov}, A. and {Van Grootel}, V. and {Burgasser}, A.~J. and 
	{Triaud}, A.~H.~M.~J. and {Opitom}, C. and {Demory}, B.-O. and 
	{Sahu}, D.~K. and {Bardalez Gagliuffi}, D. and {Magain}, P. and 
	{Queloz}, D.},
    title = "{Temperate Earth-sized planets transiting a nearby ultracool dwarf star}",
  journal = {Nature},
archivePrefix = "arXiv",
   eprint = {1605.07211},
 primaryClass = "astro-ph.EP",
     year = 2016,
    month = may,
   volume = 533,
    pages = {221-224},
      doi = {10.1038/nature17448},
   adsurl = {http://adsabs.harvard.edu/abs/2016Natur.533..221G},
  adsnote = {Provided by the SAO/NASA Astrophysics Data System}
}

@ARTICLE{dewit16,
   author = {{de Wit}, J. and {Wakeford}, H.~R. and {Gillon}, M. and {Lewis}, N.~K. and 
	{Valenti}, J.~A. and {Demory}, B.-O. and {Burgasser}, A.~J. and 
	{Delrez}, L. and {Jehin}, E. and {Lederer}, S.~M. and {Triaud}, A.~H.~M.~J. and 
	{Van Grootel}, V.},
    title = "{A combined transmission spectrum of the Earth-sized exoplanets TRAPPIST-1 b and c}",
  journal = {ArXiv e-prints},
archivePrefix = "arXiv",
   eprint = {1606.01103},
 primaryClass = "astro-ph.EP",
 keywords = {Astrophysics - Earth and Planetary Astrophysics},
     year = 2016,
    month = jun,
   adsurl = {http://adsabs.harvard.edu/abs/2016arXiv160601103D},
  adsnote = {Provided by the SAO/NASA Astrophysics Data System}
}

@ARTICLE{owen16,
   author = {{Owen}, J.~E. and {Mohanty}, S.},
    title = "{Habitability of terrestrial-mass planets in the HZ of M Dwarfs - I. H/He-dominated atmospheres}",
  journal = {MNRAS},
archivePrefix = "arXiv",
   eprint = {1601.05143},
 primaryClass = "astro-ph.EP",
 keywords = {astrobiology, planets and satellites: atmospheres, planets and satellites: composition, planets and satellites: physical evolution, X-rays: stars},
     year = 2016,
    month = jul,
   volume = 459,
    pages = {4088-4108},
      doi = {10.1093/mnras/stw959},
   adsurl = {http://adsabs.harvard.edu/abs/2016MNRAS.459.4088O},
  adsnote = {Provided by the SAO/NASA Astrophysics Data System}
}

@ARTICLE{gaidos16,
   author = {{Gaidos}, E. and {Mann}, A.~W. and {Kraus}, A.~L. and {Ireland}, M.
	},
    title = "{They are small worlds after all: revised properties of Kepler M dwarf stars and their planets}",
  journal = {MNRAS},
archivePrefix = "arXiv",
   eprint = {1512.04437},
 primaryClass = "astro-ph.EP",
 keywords = {stars: abundances, stars: fundamental parameters, stars: late-type, stars: low-mass, planetary systems, stars: statistics},
     year = 2016,
    month = apr,
   volume = 457,
    pages = {2877-2899},
      doi = {10.1093/mnras/stw097},
   adsurl = {http://adsabs.harvard.edu/abs/2016MNRAS.457.2877G},
  adsnote = {Provided by the SAO/NASA Astrophysics Data System}
}

@ARTICLE{holman05,
   author = {{Holman}, M.~J. and {Murray}, N.~W.},
    title = "{The Use of Transit Timing to Detect Terrestrial-Mass Extrasolar Planets}",
  journal = {Science},
   eprint = {astro-ph/0412028},
     year = 2005,
    month = feb,
   volume = 307,
    pages = {1288-1291},
      doi = {10.1126/science.1107822},
   adsurl = {http://adsabs.harvard.edu/abs/2005Sci...307.1288H},
  adsnote = {Provided by the SAO/NASA Astrophysics Data System}
}

@ARTICLE{rayner09,
   author = {{Rayner}, J.~T. and {Cushing}, M.~C. and {Vacca}, W.~D.},
    title = "{The Infrared Telescope Facility (IRTF) Spectral Library: Cool Stars}",
  journal = {ApJS},
archivePrefix = "arXiv",
   eprint = {0909.0818},
 primaryClass = "astro-ph.SR",
 keywords = {atlases, infrared: stars, stars: AGB and post-AGB, stars: carbon, stars: fundamental parameters, stars: late-type, techniques: spectroscopic},
     year = 2009,
    month = dec,
   volume = 185,
    pages = {289-432},
      doi = {10.1088/0067-0049/185/2/289},
   adsurl = {http://adsabs.harvard.edu/abs/2009ApJS..185..289R},
  adsnote = {Provided by the SAO/NASA Astrophysics Data System}
}

@ARTICLE{cloutier16,
    author = {{Cloutier}, R. and {Doyon}, R. and {Menou}, K. and {Dumusque}, X. and {Artigau}, {\'E}.},
     title = "{On the detection of small planets around slowly rotating low mass stars: the case of GJ 1132}",
   journal = {ApJ in prep.},
      year = 2016,
     month = may
}

@ARTICLE{christensen96,
   author = {{Christensen-Dalsgaard}, J. and {Dappen}, W. and {Ajukov}, S.~V. and 
	{Anderson}, E.~R. and {Antia}, H.~M. and {Basu}, S. and {Baturin}, V.~A. and 
	{Berthomieu}, G. and {Chaboyer}, B. and {Chitre}, S.~M. and 
	{Cox}, A.~N. and {Demarque}, P. and {Donatowicz}, J. and {Dziembowski}, W.~A. and 
	{Gabriel}, M. and {Gough}, D.~O. and {Guenther}, D.~B. and {Guzik}, J.~A. and 
	{Harvey}, J.~W. and {Hill}, F. and {Houdek}, G. and {Iglesias}, C.~A. and 
	{Kosovichev}, A.~G. and {Leibacher}, J.~W. and {Morel}, P. and 
	{Proffitt}, C.~R. and {Provost}, J. and {Reiter}, J. and {Rhodes}, Jr., E.~J. and 
	{Rogers}, F.~J. and {Roxburgh}, I.~W. and {Thompson}, M.~J. and 
	{Ulrich}, R.~K.},
    title = "{The Current State of Solar Modeling}",
  journal = {Science},
     year = 1996,
    month = may,
   volume = 272,
    pages = {1286-1292},
      doi = {10.1126/science.272.5266.1286},
   adsurl = {http://adsabs.harvard.edu/abs/1996Sci...272.1286C},
  adsnote = {Provided by the SAO/NASA Astrophysics Data System}
}

@online{christensen14,
  author = {{Christensen-Dalsgaard}, J.},
  title = {Lecture Notes on Stellar Oscillations},
  year = 2014,
  url = {http://users-phys.au.dk/jcd/oscilnotes/contents.html},
  urldate = {2016-06-05}
}

@online{kochukhov16,
  author = {{Kochukhov}, O.},
  title = {Basic Principles of Doppler Imaging},
  year = 2016,
  url = {http://www.astro.uu.se/~oleg/di_scheme_d.html},
  urldate = {2016-06-05}
}

@ARTICLE{bedding01,
   author = {{Bedding}, T.~R. and {Butler}, R.~P. and {Kjeldsen}, H. and 
	{Baldry}, I.~K. and {O'Toole}, S.~J. and {Tinney}, C.~G. and 
	{Marcy}, G.~W. and {Kienzle}, F. and {Carrier}, F.},
    title = "{Evidence for Solar-like Oscillations in {$\beta$} Hydri}",
  journal = {ApJL},
   eprint = {astro-ph/0012417},
 keywords = {Stars: Individual: Constellation Name: {$\beta$} Hydri, Stars: Oscillations, Techniques: Radial Velocities},
     year = 2001,
    month = mar,
   volume = 549,
    pages = {L105-L108},
      doi = {10.1086/319139},
   adsurl = {http://adsabs.harvard.edu/abs/2001ApJ...549L.105B},
  adsnote = {Provided by the SAO/NASA Astrophysics Data System}
}

@ARTICLE{browning08,
   author = {{Browning}, M.~K.},
    title = "{Simulations of Dynamo Action in Fully Convective Stars}",
  journal = {ApJ},
archivePrefix = "arXiv",
   eprint = {0712.1603},
 keywords = {convection, MHD, stars: low-mass, brown dwarfs, stars: magnetic fields, turbulence },
     year = 2008,
    month = apr,
   volume = 676,
      eid = {1262-1280},
    pages = {1262-1280},
      doi = {10.1086/527432},
   adsurl = {http://adsabs.harvard.edu/abs/2008ApJ...676.1262B},
  adsnote = {Provided by the SAO/NASA Astrophysics Data System}
}

@ARTICLE{osten10,
   author = {{Osten}, R.~A. and {Godet}, O. and {Drake}, S. and {Tueller}, J. and 
	{Cummings}, J. and {Krimm}, H. and {Pye}, J. and {Pal'shin}, V. and 
	{Golenetskii}, S. and {Reale}, F. and {Oates}, S.~R. and {Page}, M.~J. and 
	{Melandri}, A.},
    title = "{The Mouse That Roared: A Superflare from the dMe Flare Star EV Lac Detected by Swift and Konus-Wind}",
  journal = {ApJ},
archivePrefix = "arXiv",
   eprint = {1007.5300},
 primaryClass = "astro-ph.SR",
 keywords = {stars: activity, stars: coronae, stars: flare, stars: individual: EV Lac, stars: late-type, X-rays: stars},
     year = 2010,
    month = sep,
   volume = 721,
    pages = {785-801},
      doi = {10.1088/0004-637X/721/1/785},
   adsurl = {http://adsabs.harvard.edu/abs/2010ApJ...721..785O},
  adsnote = {Provided by the SAO/NASA Astrophysics Data System}
}

@ARTICLE{osten08,
   author = {{Osten}, R.~A. and {Bastian}, T.~S.},
    title = "{Ultrahigh Time Resolution Observations of Radio Bursts on AD Leonis}",
  journal = {ApJ},
archivePrefix = "arXiv",
   eprint = {0710.5881},
 keywords = {radio continuum: stars, stars: activity, stars: coronae, stars: late-type},
     year = 2008,
    month = feb,
   volume = 674,
      eid = {1078-1085},
    pages = {1078-1085},
      doi = {10.1086/525013},
   adsurl = {http://adsabs.harvard.edu/abs/2008ApJ...674.1078O},
  adsnote = {Provided by the SAO/NASA Astrophysics Data System}
}

@ARTICLE{hawley07,
   author = {{Hawley}, S.~L. and {Walkowicz}, L.~M. and {Allred}, J.~C. and 
	{Valenti}, J.~A.},
    title = "{Near-Ultraviolet Spectra of Flares on YZ CMi}",
  journal = {PASP},
   eprint = {astro-ph/0611074},
 keywords = {Stars: Low-Mass, Brown Dwarfs, Stars: Magnetic Fields, Stars: Emission-Line, Be, Stars: Flare, stars: individual (YZ CMi)},
     year = 2007,
    month = jan,
   volume = 119,
    pages = {67-81},
      doi = {10.1086/510561},
   adsurl = {http://adsabs.harvard.edu/abs/2007PASP..119...67H},
  adsnote = {Provided by the SAO/NASA Astrophysics Data System}
}

@ARTICLE{kowalski09,
   author = {{Kowalski}, A.~F. and {Hawley}, S.~L. and {Hilton}, E.~J. and 
	{Becker}, A.~C. and {West}, A.~A. and {Bochanski}, J.~J. and 
	{Sesar}, B.},
    title = "{M Dwarfs in Sloan Digital Sky Survey Stripe 82: Photometric Light Curves and Flare Rate Analysis}",
  journal = {AJ},
archivePrefix = "arXiv",
   eprint = {0906.2030},
 primaryClass = "astro-ph.SR",
 keywords = {methods: data analysis, stars: activity, stars: flare, stars: late-type},
     year = 2009,
    month = aug,
   volume = 138,
    pages = {633-648},
      doi = {10.1088/0004-6256/138/2/633},
   adsurl = {http://adsabs.harvard.edu/abs/2009AJ....138..633K},
  adsnote = {Provided by the SAO/NASA Astrophysics Data System}
}

@ARTICLE{gilliland11,
   author = {{Gilliland}, R.~L. and {Chaplin}, W.~J. and {Dunham}, E.~W. and 
	{Argabright}, V.~S. and {Borucki}, W.~J. and {Basri}, G. and 
	{Bryson}, S.~T. and {Buzasi}, D.~L. and {Caldwell}, D.~A. and 
	{Elsworth}, Y.~P. and {Jenkins}, J.~M. and {Koch}, D.~G. and 
	{Kolodziejczak}, J. and {Miglio}, A. and {van Cleve}, J. and 
	{Walkowicz}, L.~M. and {Welsh}, W.~F.},
    title = "{Kepler Mission Stellar and Instrument Noise Properties}",
  journal = {ApJS},
archivePrefix = "arXiv",
   eprint = {1107.5207},
 primaryClass = "astro-ph.SR",
 keywords = {methods: observational, stars: activity, stars: late-type, stars: oscillations, stars: statistics, techniques: photometric},
     year = 2011,
    month = nov,
   volume = 197,
      eid = {6},
    pages = {6},
      doi = {10.1088/0067-0049/197/1/6},
   adsurl = {http://adsabs.harvard.edu/abs/2011ApJS..197....6G},
  adsnote = {Provided by the SAO/NASA Astrophysics Data System}
}

@article{hall08,
  title    = {Stellar Chromospheric Activity},
  author   = {Jeffrey C. Hall},
  journal  = {Living Reviews in Solar Physics},
  year     = {2008},
  number   = {2},
  volume   = {5},
  keywords = {Solar chromosphere, Stellar chromospheres},
  doi      = {10.1007/lrsp-2008-2},
  url      = {http://www.livingreviews.org/lrsp-2008-2}
}

@ARTICLE{lindegren03,
   author = {{Lindegren}, L. and {Dravins}, D.},
    title = "{The fundamental definition of ``radial velocity''}",
  journal = {A\&A},
   eprint = {astro-ph/0302522},
 keywords = {techniques: radial velocities, techniques: spectroscopic, astrometry, reference systems, stars: kinematics, methods: data analysis},
     year = 2003,
    month = apr,
   volume = 401,
    pages = {1185-1201},
      doi = {10.1051/0004-6361:20030181},
   adsurl = {http://adsabs.harvard.edu/abs/2003A%26A...401.1185L},
  adsnote = {Provided by the SAO/NASA Astrophysics Data System}
}

@ARTICLE{kuhn83,
   author = {{Kuhn}, J.~R.},
    title = "{Observations of global-scale photospheric Fraunhofer line shifts}",
  journal = {ApJ},
 keywords = {Fraunhofer Lines, Frequency Shift, Photosphere, Solar Atmosphere, Solar Rotation, Solar Spectra, Convection, Line Of Sight, Power Spectra, Spectral Signatures, Velocity Measurement},
     year = 1983,
    month = jan,
   volume = 264,
    pages = {689-698},
      doi = {10.1086/160642},
   adsurl = {http://adsabs.harvard.edu/abs/1983ApJ...264..689K},
  adsnote = {Provided by the SAO/NASA Astrophysics Data System}
}

@ARTICLE{kjeldsen99,
   author = {{Kjeldsen}, H. and {Bedding}, T.~R. and {Frandsen}, S. and {dall}, T.~H.
	},
    title = "{A search for solar-like oscillations and granulation in alpha CEN A}",
  journal = {MNRAS},
   eprint = {astro-ph/9811299},
 keywords = {SUN: ATMOSPHERE, SUN: OSCILLATIONS, STARS: INDIVIDUAL: ALPHA CEN A (HR 5459), STARS: INDIVIDUAL: PROCYON (HR 2943), STARS: OSCILLATIONS},
     year = 1999,
    month = mar,
   volume = 303,
    pages = {579-587},
      doi = {10.1046/j.1365-8711.1999.02254.x},
   adsurl = {http://adsabs.harvard.edu/abs/1999MNRAS.303..579K},
  adsnote = {Provided by the SAO/NASA Astrophysics Data System}
}

@ARTICLE{roudier98,
   author = {{Roudier}, T. and {Malherbe}, J.~M. and {Vigneau}, J. and {Pfeiffer}, B.
	},
    title = "{Solar mesogranule lifetime measurements}",
  journal = {A\&A},
 keywords = {SUN: PHOTOSPHERE, SUN: GRANULATION, CONVECTION},
     year = 1998,
    month = feb,
   volume = 330,
    pages = {1136-1144},
   adsurl = {http://adsabs.harvard.edu/abs/1998A%26A...330.1136R},
  adsnote = {Provided by the SAO/NASA Astrophysics Data System}
}

@ARTICLE{delmoro04,
   author = {{Del Moro}, D. and {Berrilli}, F. and {Duvall}, Jr., T.~L. and 
	{Kosovichev}, A.~G.},
    title = "{Dynamics and Structure of Supergranulation}",
  journal = {Solar Physics},
     year = 2004,
    month = may,
   volume = 221,
    pages = {23-32},
      doi = {10.1023/B:SOLA.0000033363.15641.8f},
   adsurl = {http://adsabs.harvard.edu/abs/2004SoPh..221...23D},
  adsnote = {Provided by the SAO/NASA Astrophysics Data System}
}

@INPROCEEDINGS{halverson14,
   author = {{Halverson}, S. and {Mahadevan}, S. and {Ramsey}, L. and {Terrien}, R. and 
	{Roy}, A. and {Schwab}, C. and {Bender}, C. and {Hearty}, F. and 
	{Levi}, E. and {Osterman}, S. and {Ycas}, G. and {Diddams}, S.
	},
    title = "{The habitable-zone planet finder calibration system}",
booktitle = {Ground-based and Airborne Instrumentation for Astronomy V},
     year = 2014,
   series = {SPIE},
   volume = 9147,
archivePrefix = "arXiv",
   eprint = {1408.3632},
 primaryClass = "astro-ph.IM",
    month = aug,
      eid = {91477Z},
    pages = {91477Z},
      doi = {10.1117/12.2054967},
   adsurl = {http://adsabs.harvard.edu/abs/2014SPIE.9147E..7ZH},
  adsnote = {Provided by the SAO/NASA Astrophysics Data System}
}

@ARTICLE{donati14a,
  author = {{Donati}, J.~F. and {Delfosse}, X. and {Artigau}, E. and {Doyon}, R.},
  title = {SPIRou: Scientific Rationale},
  year = 2014
}

@ARTICLE{donati14b,
   author = {{Donati}, J.-F. and {H{\'e}brard}, E. and {Hussain}, G. and 
	{Moutou}, C. and {Grankin}, K. and {Boisse}, I. and {Morin}, J. and 
	{Gregory}, S.~G. and {Vidotto}, A.~A. and {Bouvier}, J. and 
	{Alencar}, S.~H.~P. and {Delfosse}, X. and {Doyon}, R. and {Takami}, M. and 
	{Jardine}, M.~M. and {Fares}, R. and {Cameron}, A.~C. and {M{\'e}nard}, F. and 
	{Dougados}, C. and {Herczeg}, G. and {Matysse Collaboration}
	},
    title = "{Modelling the magnetic activity and filtering radial velocity curves of young Suns : the weak-line T Tauri star LkCa 4}",
  journal = {MNRAS},
archivePrefix = "arXiv",
   eprint = {1408.3273},
 primaryClass = "astro-ph.SR",
 keywords = {techniques: polarimetric, stars: formation, stars: imaging, stars: individual: LkCa 4, stars: magnetic field, stars: rotation},
     year = 2014,
    month = nov,
   volume = 444,
    pages = {3220-3229},
      doi = {10.1093/mnras/stu1679},
   adsurl = {http://adsabs.harvard.edu/abs/2014MNRAS.444.3220D},
  adsnote = {Provided by the SAO/NASA Astrophysics Data System}
}

@ARTICLE{donati16,
   author = {{Donati}, J.~F. and {Moutou}, C. and {Malo}, L. and {Baruteau}, C. and 
	{Yu}, L. and {H{\'e}brard}, E. and {Hussain}, G. and {Alencar}, S. and 
	{M{\'e}nard}, F. and {Bouvier}, J. and {Petit}, P. and {Takami}, M. and 
	{Doyon}, R. and {Cameron}, A.~C.},
    title = "{A hot Jupiter orbiting a 2-million-year-old solar-mass T Tauri star}",
  journal = {Nature},
archivePrefix = "arXiv",
   eprint = {1606.06236},
 primaryClass = "astro-ph.SR",
     year = 2016,
    month = jun,
   volume = 534,
    pages = {662-666},
      doi = {10.1038/nature18305},
   adsurl = {http://adsabs.harvard.edu/abs/2016Natur.534..662D},
  adsnote = {Provided by the SAO/NASA Astrophysics Data System}
}

@ARTICLE{montet15,
   author = {{Montet}, B.~T. and {Morton}, T.~D. and {Foreman-Mackey}, D. and 
	{Johnson}, J.~A. and {Hogg}, D.~W. and {Bowler}, B.~P. and {Latham}, D.~W. and 
	{Bieryla}, A. and {Mann}, A.~W.},
    title = "{Stellar and Planetary Properties of K2 Campaign 1 Candidates and Validation of 17 Planets, Including a Planet Receiving Earth-like Insolation}",
  journal = {ApJ},
archivePrefix = "arXiv",
   eprint = {1503.07866},
 primaryClass = "astro-ph.EP",
 keywords = {catalogs, planetary systems, planets and satellites: detection, stars: fundamental parameters},
     year = 2015,
    month = aug,
   volume = 809,
      eid = {25},
    pages = {25},
      doi = {10.1088/0004-637X/809/1/25},
   adsurl = {http://adsabs.harvard.edu/abs/2015ApJ...809...25M},
  adsnote = {Provided by the SAO/NASA Astrophysics Data System}
}

@ARTICLE{currie14,
   author = {{Currie}, T. and {Burrows}, A. and {Girard}, J.~H. and {Cloutier}, R. and 
	{Fukagawa}, M. and {Sorahana}, S. and {Kuchner}, M. and {Kenyon}, S.~J. and 
	{Madhusudhan}, N. and {Itoh}, Y. and {Jayawardhana}, R. and 
	{Matsumura}, S. and {Pyo}, T.-S.},
    title = "{Deep Thermal Infrared Imaging of HR 8799 bcde: New Atmospheric Constraints and Limits on a Fifth Planet}",
  journal = {ApJ},
archivePrefix = "arXiv",
   eprint = {1409.5134},
 primaryClass = "astro-ph.EP",
 keywords = {planetary systems, planets and satellites: atmospheres, planets and satellites: composition, stars: early-type, stars: individual: HR 8799, techniques: high angular resolution, techniques: image processing},
     year = 2014,
    month = nov,
   volume = 795,
      eid = {133},
    pages = {133},
      doi = {10.1088/0004-637X/795/2/133},
   adsurl = {http://adsabs.harvard.edu/abs/2014ApJ...795..133C},
  adsnote = {Provided by the SAO/NASA Astrophysics Data System}
}

@ARTICLE{ballard11,
   author = {{Ballard}, S. and {Fabrycky}, D. and {Fressin}, F. and {Charbonneau}, D. and 
	{Desert}, J.-M. and {Torres}, G. and {Marcy}, G. and {Burke}, C.~J. and 
	{Isaacson}, H. and {Henze}, C. and {Steffen}, J.~H. and {Ciardi}, D.~R. and 
	{Howell}, S.~B. and {Cochran}, W.~D. and {Endl}, M. and {Bryson}, S.~T. and 
	{Rowe}, J.~F. and {Holman}, M.~J. and {Lissauer}, J.~J. and 
	{Jenkins}, J.~M. and {Still}, M. and {Ford}, E.~B. and {Christiansen}, J.~L. and 
	{Middour}, C.~K. and {Haas}, M.~R. and {Li}, J. and {Hall}, J.~R. and 
	{McCauliff}, S. and {Batalha}, N.~M. and {Koch}, D.~G. and {Borucki}, W.~J.
	},
    title = "{The Kepler-19 System: A Transiting 2.2 R$_{\oplus}$ Planet and a Second Planet Detected via Transit Timing Variations}",
  journal = {ApJ},
archivePrefix = "arXiv",
   eprint = {1109.1561},
 primaryClass = "astro-ph.EP",
 keywords = {eclipses, planetary systems, stars: individual: Kepler-19 KOI-84 KIC 2571238},
     year = 2011,
    month = dec,
   volume = 743,
      eid = {200},
    pages = {200},
      doi = {10.1088/0004-637X/743/2/200},
   adsurl = {http://adsabs.harvard.edu/abs/2011ApJ...743..200B},
  adsnote = {Provided by the SAO/NASA Astrophysics Data System}
}

@ARTICLE{beaulieu06,
   author = {{Beaulieu}, J.-P. and {Bennett}, D.~P. and {Fouqu{\'e}}, P. and 
	{Williams}, A. and {Dominik}, M. and {J{\o}rgensen}, U.~G. and 
	{Kubas}, D. and {Cassan}, A. and {Coutures}, C. and {Greenhill}, J. and 
	{Hill}, K. and {Menzies}, J. and {Sackett}, P.~D. and {Albrow}, M. and 
	{Brillant}, S. and {Caldwell}, J.~A.~R. and {Calitz}, J.~J. and 
	{Cook}, K.~H. and {Corrales}, E. and {Desort}, M. and {Dieters}, S. and 
	{Dominis}, D. and {Donatowicz}, J. and {Hoffman}, M. and {Kane}, S. and 
	{Marquette}, J.-B. and {Martin}, R. and {Meintjes}, P. and {Pollard}, K. and 
	{Sahu}, K. and {Vinter}, C. and {Wambsganss}, J. and {Woller}, K. and 
	{Horne}, K. and {Steele}, I. and {Bramich}, D.~M. and {Burgdorf}, M. and 
	{Snodgrass}, C. and {Bode}, M. and {Udalski}, A. and {Szyma{\'n}ski}, M.~K. and 
	{Kubiak}, M. and {Wi{\c e}ckowski}, T. and {Pietrzy{\'n}ski}, G. and 
	{Soszy{\'n}ski}, I. and {Szewczyk}, O. and {Wyrzykowski}, {\L}. and 
	{Paczy{\'n}ski}, B. and {Abe}, F. and {Bond}, I.~A. and {Britton}, T.~R. and 
	{Gilmore}, A.~C. and {Hearnshaw}, J.~B. and {Itow}, Y. and {Kamiya}, K. and 
	{Kilmartin}, P.~M. and {Korpela}, A.~V. and {Masuda}, K. and 
	{Matsubara}, Y. and {Motomura}, M. and {Muraki}, Y. and {Nakamura}, S. and 
	{Okada}, C. and {Ohnishi}, K. and {Rattenbury}, N.~J. and {Sako}, T. and 
	{Sato}, S. and {Sasaki}, M. and {Sekiguchi}, T. and {Sullivan}, D.~J. and 
	{Tristram}, P.~J. and {Yock}, P.~C.~M. and {Yoshioka}, T.},
    title = "{Discovery of a cool planet of 5.5 Earth masses through gravitational microlensing}",
  journal = {Nature},
   eprint = {astro-ph/0601563},
     year = 2006,
    month = jan,
   volume = 439,
    pages = {437-440},
      doi = {10.1038/nature04441},
   adsurl = {http://adsabs.harvard.edu/abs/2006Natur.439..437B},
  adsnote = {Provided by the SAO/NASA Astrophysics Data System}
}

@ARTICLE{sahlmann13,
   author = {{Sahlmann}, J. and {Lazorenko}, P.~F. and {S{\'e}gransan}, D. and 
	{Mart{\'{\i}}n}, E.~L. and {Queloz}, D. and {Mayor}, M. and 
	{Udry}, S.},
    title = "{Astrometric orbit of a low-mass companion to an ultracool dwarf}",
  journal = {A\&A},
archivePrefix = "arXiv",
   eprint = {1306.3225},
 primaryClass = "astro-ph.SR",
 keywords = {stars: low-mass, binaries: close, brown dwarfs, planetary systems, astrometry, parallaxes},
     year = 2013,
    month = aug,
   volume = 556,
      eid = {A133},
    pages = {A133},
      doi = {10.1051/0004-6361/201321871},
   adsurl = {http://adsabs.harvard.edu/abs/2013A%26A...556A.133S},
  adsnote = {Provided by the SAO/NASA Astrophysics Data System}
}

@ARTICLE{hale08,
   author = {{Hale}, G.~E.},
    title = "{The Zeeman Effect in the Sun}",
  journal = {PASP},
     year = 1908,
    month = dec,
   volume = 20,
    pages = {287},
      doi = {10.1086/121847},
   adsurl = {http://adsabs.harvard.edu/abs/1908PASP...20..287H},
  adsnote = {Provided by the SAO/NASA Astrophysics Data System}
}

@ARTICLE{schrijver02,
   author = {{Schrijver}, C.~J.},
    title = "{Solar spots as prototypes for stellar spots}",
  journal = {Astronomische Nachrichten},
 keywords = {Sunspots, starspots, magnetic fields, MHD, instrumentation},
     year = 2002,
    month = jul,
   volume = 323,
    pages = {157-164},
      doi = {10.1002/1521-3994(200208)323:3/4<157::AID-ASNA157>3.0.CO;2-Q},
   adsurl = {http://adsabs.harvard.edu/abs/2002AN....323..157S},
  adsnote = {Provided by the SAO/NASA Astrophysics Data System}
}

@ARTICLE{lagrange11,
   author = {{Lagrange}, A.-M. and {Meunier}, N. and {Desort}, M. and {Malbet}, F.
	},
    title = "{Using the Sun to estimate Earth-like planets detection capabilities . III. Impact of spots and plages on astrometric detection}",
  journal = {A\&A},
archivePrefix = "arXiv",
   eprint = {1101.2512},
 primaryClass = "astro-ph.SR",
 keywords = {planetary systems, stars: variables: general, Sun: activity, sunspots, Astrometry},
     year = 2011,
    month = apr,
   volume = 528,
      eid = {L9},
    pages = {L9},
      doi = {10.1051/0004-6361/201016354},
   adsurl = {http://adsabs.harvard.edu/abs/2011A%26A...528L...9L},
  adsnote = {Provided by the SAO/NASA Astrophysics Data System}
}

@ARTICLE{vogt83,
   author = {{Vogt}, S.~S. and {Penrod}, G.~D.},
    title = "{Doppler Imaging of spotted stars - Application to the RS Canum Venaticorum star HR 1099}",
  journal = {PASP},
 keywords = {Binary Stars, Imaging Techniques, Starspots, Coronal Holes, Doppler Effect, Line Spectra, Mapping, Stellar Rotation},
     year = 1983,
    month = sep,
   volume = 95,
    pages = {565-576},
      doi = {10.1086/131208},
   adsurl = {http://adsabs.harvard.edu/abs/1983PASP...95..565V},
  adsnote = {Provided by the SAO/NASA Astrophysics Data System}
}

@ARTICLE{donati15,
   author = {{Donati}, J.-F. and {H{\'e}brard}, E. and {Hussain}, G.~A.~J. and 
	{Moutou}, C. and {Malo}, L. and {Grankin}, K. and {Vidotto}, A.~A. and 
	{Alencar}, S.~H.~P. and {Gregory}, S.~G. and {Jardine}, M.~M. and 
	{Herczeg}, G. and {Morin}, J. and {Fares}, R. and {M{\'e}nard}, F. and 
	{Bouvier}, J. and {Delfosse}, X. and {Doyon}, R. and {Takami}, M. and 
	{Figueira}, P. and {Petit}, P. and {Boisse}, I. and {MaTYSSE Collaboration}
	},
    title = "{Magnetic activity and hot Jupiters of young Suns: the weak-line T Tauri stars V819 Tau and V830 Tau}",
  journal = {MNRAS},
archivePrefix = "arXiv",
   eprint = {1509.02110},
 primaryClass = "astro-ph.SR",
 keywords = {stars: magnetic fields, techniques: polarimetric, stars: formation, stars: imaging, stars: individual: V819 Tau, stars: individual: V830 Tau},
     year = 2015,
    month = nov,
   volume = 453,
    pages = {3706-3719},
      doi = {10.1093/mnras/stv1837},
   adsurl = {http://adsabs.harvard.edu/abs/2015MNRAS.453.3706D},
  adsnote = {Provided by the SAO/NASA Astrophysics Data System}
}

@ARTICLE{petrovay97,
   author = {{Petrovay}, K. and {van Driel-Gesztelyi}, L.},
    title = "{Making Sense of Sunspot Decay. I. Parabolic Decay Law and Gnevyshev-Waldmeier Relation}",
  journal = {Solar Physics},
   eprint = {astro-ph/9706029},
     year = 1997,
    month = dec,
   volume = 176,
    pages = {249-266},
      doi = {10.1023/A:1004988123265},
   adsurl = {http://adsabs.harvard.edu/abs/1997SoPh..176..249P},
  adsnote = {Provided by the SAO/NASA Astrophysics Data System}
}

@ARTICLE{robinson82,
   author = {{Robinson}, R.~D. and {Boice}, D.~C.},
    title = "{Size variations in regular sunspots}",
  journal = {Solar Physics},
 keywords = {Periodic Variations, Size Distribution, Sunspots, Astronomical Photography, Magnetic Flux},
     year = 1982,
    month = nov,
   volume = 81,
    pages = {25-31},
      doi = {10.1007/BF00151976},
   adsurl = {http://adsabs.harvard.edu/abs/1982SoPh...81...25R},
  adsnote = {Provided by the SAO/NASA Astrophysics Data System}
}

@BOOK{thomas08,
   author = {{Thomas}, J.~H. and {Weiss}, N.~O.},
    title = "{Sunspots and Starspots}",
booktitle = {Sustainability},
     year = 2008,
    month = oct,
publisher = {Cambridge University Press},
   adsurl = {http://adsabs.harvard.edu/abs/2008sust.book.....T},
  adsnote = {Provided by the SAO/NASA Astrophysics Data System}
}

@ARTICLE{hirayama78,
   author = {{Hirayama}, T.},
    title = "{A Model of Solar Faculae and Their Lifetime}",
  journal = {PASJ},
     year = 1978,
   volume = 30,
    pages = {337-352},
   adsurl = {http://adsabs.harvard.edu/abs/1978PASJ...30..337H},
  adsnote = {Provided by the SAO/NASA Astrophysics Data System}
}

@ARTICLE{lockwood07,
   author = {{Lockwood}, G.~W. and {Skiff}, B.~A. and {Henry}, G.~W. and 
	{Henry}, S. and {Radick}, R.~R. and {Baliunas}, S.~L. and {Donahue}, R.~A. and 
	{Soon}, W.},
    title = "{Patterns of Photometric and Chromospheric Variation among Sun-like Stars: A 20 Year Perspective}",
  journal = {ApJS},
   eprint = {astro-ph/0703408},
 keywords = {Stars: Activity, Stars: Late-Type, Stars: Variables: Other},
     year = 2007,
    month = jul,
   volume = 171,
    pages = {260-303},
      doi = {10.1086/516752},
   adsurl = {http://adsabs.harvard.edu/abs/2007ApJS..171..260L},
  adsnote = {Provided by the SAO/NASA Astrophysics Data System}
}

@ARTICLE{cincunegui07,
   author = {{Cincunegui}, C. and {D{\'{\i}}az}, R.~F. and {Mauas}, P.~J.~D.
	},
    title = "{H{$\alpha$} and the Ca II H and K lines as activity proxies for late-type stars}",
  journal = {A\&A},
   eprint = {astro-ph/0703511},
 keywords = {stars: late-type, stars: activity, stars: chromospheres},
     year = 2007,
    month = jul,
   volume = 469,
    pages = {309-317},
      doi = {10.1051/0004-6361:20066503},
   adsurl = {http://adsabs.harvard.edu/abs/2007A%26A...469..309C},
  adsnote = {Provided by the SAO/NASA Astrophysics Data System}
}

@ARTICLE{perryman14,
   author = {{Perryman}, M. and {Hartman}, J. and {Bakos}, G.~{\'A}. and 
	{Lindegren}, L.},
    title = "{Astrometric Exoplanet Detection with Gaia}",
  journal = {ApJ},
archivePrefix = "arXiv",
   eprint = {1411.1173},
 primaryClass = "astro-ph.EP",
 keywords = {astrometry, planets and satellites: general, space vehicles: instruments},
     year = 2014,
    month = dec,
   volume = 797,
      eid = {14},
    pages = {14},
      doi = {10.1088/0004-637X/797/1/14},
   adsurl = {http://adsabs.harvard.edu/abs/2014ApJ...797...14P},
  adsnote = {Provided by the SAO/NASA Astrophysics Data System}
}

@ARTICLE{maunder04,
   author = {{Maunder}, E.~W.},
    title = "{Note on the distribution of sun-spots in heliographic latitude, 1874-1902}",
  journal = {MNRAS},
     year = 1904,
    month = jun,
   volume = 64,
    pages = {747-761},
      doi = {10.1093/mnras/64.8.747},
   adsurl = {http://adsabs.harvard.edu/abs/1904MNRAS..64..747M},
  adsnote = {Provided by the SAO/NASA Astrophysics Data System}
}

@ARTICLE{hathaway10,
   author = {{Hathaway}, D.~H.},
    title = "{The Solar Cycle}",
  journal = {Living Reviews in Solar Physics},
 keywords = {Solar activity, Solar cycle, Solar cycle prediction, Sunspots},
     year = 2010,
    month = mar,
   volume = 7,
      doi = {10.12942/lrsp-2010-1},
   adsurl = {http://adsabs.harvard.edu/abs/2010LRSP....7....1H},
  adsnote = {Provided by the SAO/NASA Astrophysics Data System}
}

@ARTICLE{leighton59,
   author = {{Leighton}, R.~B.},
    title = "{Observations of Solar Magnetic Fields in Plage Regions.}",
  journal = {ApJ},
     year = 1959,
    month = sep,
   volume = 130,
    pages = {366},
      doi = {10.1086/146727},
   adsurl = {http://adsabs.harvard.edu/abs/1959ApJ...130..366L},
  adsnote = {Provided by the SAO/NASA Astrophysics Data System}
}

@ARTICLE{lovis11,
   author = {{Lovis}, C. and {Dumusque}, X. and {Santos}, N.~C. and {Bouchy}, F. and 
	{Mayor}, M. and {Pepe}, F. and {Queloz}, D. and {S{\'e}gransan}, D. and 
	{Udry}, S.},
    title = "{The HARPS search for southern extra-solar planets. XXXI. Magnetic activity cycles in solar-type stars: statistics and impact on precise radial velocities}",
  journal = {ArXiv e-prints},
archivePrefix = "arXiv",
   eprint = {1107.5325},
 primaryClass = "astro-ph.SR",
 keywords = {Astrophysics - Solar and Stellar Astrophysics, Astrophysics - Earth and Planetary Astrophysics},
     year = 2011,
    month = jul,
   adsurl = {http://adsabs.harvard.edu/abs/2011arXiv1107.5325L},
  adsnote = {Provided by the SAO/NASA Astrophysics Data System}
}

@ARTICLE{dumusque12,
   author = {{Dumusque}, X. and {Pepe}, F. and {Lovis}, C. and {S{\'e}gransan}, D. and 
	{Sahlmann}, J. and {Benz}, W. and {Bouchy}, F. and {Mayor}, M. and 
	{Queloz}, D. and {Santos}, N. and {Udry}, S.},
    title = "{An Earth-mass planet orbiting {$\alpha$} Centauri B}",
  journal = {Nature},
     year = 2012,
    month = nov,
   volume = 491,
    pages = {207-211},
      doi = {10.1038/nature11572},
   adsurl = {http://adsabs.harvard.edu/abs/2012Natur.491..207D},
  adsnote = {Provided by the SAO/NASA Astrophysics Data System}
}

@ARTICLE{duncan91,
   author = {{Duncan}, D.~K. and {Vaughan}, A.~H. and {Wilson}, O.~C. and 
	{Preston}, G.~W. and {Frazer}, J. and {Lanning}, H. and {Misch}, A. and 
	{Mueller}, J. and {Soyumer}, D. and {Woodard}, L. and {Baliunas}, S.~L. and 
	{Noyes}, R.~W. and {Hartmann}, L.~W. and {Porter}, A. and {Zwaan}, C. and 
	{Middelkoop}, F. and {Rutten}, R.~G.~M. and {Mihalas}, D.},
    title = "{CA II H and K measurements made at Mount Wilson Observatory, 1966-1983}",
  journal = {ApJS},
 keywords = {Stellar Activity, Stellar Composition, Stellar Spectrophotometry, Calcium, Continuous Spectra, Hydrogen, Potassium, Stellar Spectra},
     year = 1991,
    month = may,
   volume = 76,
    pages = {383-430},
      doi = {10.1086/191572},
   adsurl = {http://adsabs.harvard.edu/abs/1991ApJS...76..383D},
  adsnote = {Provided by the SAO/NASA Astrophysics Data System}
}

@INPROCEEDINGS{balinunas98,
   author = {{Baliunas}, S.~L. and {Donahue}, R.~A. and {Soon}, W. and {Henry}, G.~W.
	},
    title = "{Activity Cycles in Lower Main Sequence and POST Main Sequence Stars: The HK Project}",
booktitle = {Cool Stars, Stellar Systems, and the Sun},
     year = 1998,
   series = {Astronomical Society of the Pacific Conference Series},
   volume = 154,
   editor = {{Donahue}, R.~A. and {Bookbinder}, J.~A.},
    pages = {153},
   adsurl = {http://adsabs.harvard.edu/abs/1998ASPC..154..153B},
  adsnote = {Provided by the SAO/NASA Astrophysics Data System}
}

@ARTICLE{lockwood97,
   author = {{Lockwood}, G.~W. and {Skiff}, B.~A. and {Radick}, R.~R.},
    title = "{The Photometric Variability of Sun-like Stars: Observations and Results, 1984-1995}",
  journal = {ApJ},
 keywords = {Stars: Activity, Stars: Late-Type, Stars: Variables: Other},
     year = 1997,
    month = aug,
   volume = 485,
    pages = {789-811},
   adsurl = {http://adsabs.harvard.edu/abs/1997ApJ...485..789L},
  adsnote = {Provided by the SAO/NASA Astrophysics Data System}
}

@ARTICLE{meunier10,
   author = {{Meunier}, N. and {Desort}, M. and {Lagrange}, A.-M.},
    title = "{Using the Sun to estimate Earth-like planets detection capabilities . II. Impact of plages}",
  journal = {A\&A},
archivePrefix = "arXiv",
   eprint = {1001.1638},
 primaryClass = "astro-ph.EP",
 keywords = {techniques: radial velocities, starspots, planetary systems, stars: activity},
     year = 2010,
    month = mar,
   volume = 512,
      eid = {A39},
    pages = {A39},
      doi = {10.1051/0004-6361/200913551},
   adsurl = {http://adsabs.harvard.edu/abs/2010A%26A...512A..39M},
  adsnote = {Provided by the SAO/NASA Astrophysics Data System}
}

@ARTICLE{dorren87,
   author = {{Dorren}, J.~D.},
    title = "{A new formulation of the starspot model, and the consequences of starspot structure}",
  journal = {ApJ},
 keywords = {Binary Stars, Starspots, Stellar Models, Stellar Structure, Stellar Temperature, Variable Stars, Light Curve, Spectrum Analysis, Stellar Atmospheres},
     year = 1987,
    month = sep,
   volume = 320,
    pages = {756-767},
      doi = {10.1086/165593},
   adsurl = {http://adsabs.harvard.edu/abs/1987ApJ...320..756D},
  adsnote = {Provided by the SAO/NASA Astrophysics Data System}
}

@ARTICLE{hatzes10,
   author = {{Hatzes}, A.~P. and {Dvorak}, R. and {Wuchterl}, G. and {Guterman}, P. and 
	{Hartmann}, M. and {Fridlund}, M. and {Gandolfi}, D. and {Guenther}, E. and 
	{P{\"a}tzold}, M.},
    title = "{An investigation into the radial velocity variations of CoRoT-7}",
  journal = {A\&A},
archivePrefix = "arXiv",
   eprint = {1006.5476},
 primaryClass = "astro-ph.SR",
 keywords = {star: individual:, CoRoT-7, techniques: radial velocities, planetary systems, stars: activity, starspots},
     year = 2010,
    month = sep,
   volume = 520,
      eid = {A93},
    pages = {A93},
      doi = {10.1051/0004-6361/201014795},
   adsurl = {http://adsabs.harvard.edu/abs/2010A%26A...520A..93H},
  adsnote = {Provided by the SAO/NASA Astrophysics Data System}
}

@ARTICLE{queloz09,
   author = {{Queloz}, D. and {Bouchy}, F. and {Moutou}, C. and {Hatzes}, A. and 
	{H{\'e}brard}, G. and {Alonso}, R. and {Auvergne}, M. and {Baglin}, A. and 
	{Barbieri}, M. and {Barge}, P. and {Benz}, W. and {Bord{\'e}}, P. and 
	{Deeg}, H.~J. and {Deleuil}, M. and {Dvorak}, R. and {Erikson}, A. and 
	{Ferraz Mello}, S. and {Fridlund}, M. and {Gandolfi}, D. and 
	{Gillon}, M. and {Guenther}, E. and {Guillot}, T. and {Jorda}, L. and 
	{Hartmann}, M. and {Lammer}, H. and {L{\'e}ger}, A. and {Llebaria}, A. and 
	{Lovis}, C. and {Magain}, P. and {Mayor}, M. and {Mazeh}, T. and 
	{Ollivier}, M. and {P{\"a}tzold}, M. and {Pepe}, F. and {Rauer}, H. and 
	{Rouan}, D. and {Schneider}, J. and {Segransan}, D. and {Udry}, S. and 
	{Wuchterl}, G.},
    title = "{The CoRoT-7 planetary system: two orbiting super-Earths}",
  journal = {A\&A},
 keywords = {stars: planetary systems, techniques: radial velocities, techniques: photometric, stars: activity, stars: starspots},
     year = 2009,
    month = oct,
   volume = 506,
    pages = {303-319},
      doi = {10.1051/0004-6361/200913096},
   adsurl = {http://adsabs.harvard.edu/abs/2009A%26A...506..303Q},
  adsnote = {Provided by the SAO/NASA Astrophysics Data System}
}

@ARTICLE{pepe02,
   author = {{Pepe}, F. and {Mayor}, M. and {Galland}, F. and {Naef}, D. and 
	{Queloz}, D. and {Santos}, N.~C. and {Udry}, S. and {Burnet}, M.
	},
    title = "{The CORALIE survey for southern extra-solar planets VII. Two short-period Saturnian companions to <ASTROBJ>HD 108147</ASTROBJ> and <ASTROBJ>HD 168746</ASTROBJ>}",
  journal = {A\&A},
   eprint = {astro-ph/0202457},
 keywords = {techniques: radial velocities, stars: individual: HD 108147, stars: individual: HD 168746},
     year = 2002,
    month = jun,
   volume = 388,
    pages = {632-638},
      doi = {10.1051/0004-6361:20020433},
   adsurl = {http://adsabs.harvard.edu/abs/2002A%26A...388..632P},
  adsnote = {Provided by the SAO/NASA Astrophysics Data System}
}

@ARTICLE{dravins81,
   author = {{Dravins}, D. and {Lindegren}, L. and {Nordlund}, A.},
    title = "{Solar granulation - Influence of convection on spectral line asymmetries and wavelength shifts}",
  journal = {A\&A},
 keywords = {Convective Flow, Frequency Shift, Line Shape, Photosphere, Solar Granulation, Solar Spectra, Abundance, Asymmetry, Iron, Light Scattering, Solar Atmosphere, Spectral Line Width, Sunlight},
     year = 1981,
    month = mar,
   volume = 96,
    pages = {345-364},
   adsurl = {http://adsabs.harvard.edu/abs/1981A%26A....96..345D},
  adsnote = {Provided by the SAO/NASA Astrophysics Data System}
}

@ARTICLE{queloz01,
   author = {{Queloz}, D. and {Henry}, G.~W. and {Sivan}, J.~P. and {Baliunas}, S.~L. and 
	{Beuzit}, J.~L. and {Donahue}, R.~A. and {Mayor}, M. and {Naef}, D. and 
	{Perrier}, C. and {Udry}, S.},
    title = "{No planet for HD 166435}",
  journal = {A\&A},
   eprint = {astro-ph/0109491},
 keywords = {STARS: ACTIVITY, INDIVIDUAL: HD 166435, PLANETARY SYSTEMS},
     year = 2001,
    month = nov,
   volume = 379,
    pages = {279-287},
      doi = {10.1051/0004-6361:20011308},
   adsurl = {http://adsabs.harvard.edu/abs/2001A%26A...379..279Q},
  adsnote = {Provided by the SAO/NASA Astrophysics Data System}
}

@ARTICLE{martin06,
   author = {{Mart{\'{\i}}n}, E.~L. and {Guenther}, E. and {Zapatero Osorio}, M.~R. and 
	{Bouy}, H. and {Wainscoat}, R.},
    title = "{A Multiwavelength Radial Velocity Search for Planets around the Brown Dwarf LP 944-20}",
  journal = {ApJL},
   eprint = {astro-ph/0605263},
 keywords = {Stars: Low-Mass, Brown Dwarfs},
     year = 2006,
    month = jun,
   volume = 644,
    pages = {L75-L78},
      doi = {10.1086/505343},
   adsurl = {http://adsabs.harvard.edu/abs/2006ApJ...644L..75M},
  adsnote = {Provided by the SAO/NASA Astrophysics Data System}
}

@ARTICLE{huelamo08,
   author = {{Hu{\'e}lamo}, N. and {Figueira}, P. and {Bonfils}, X. and {Santos}, N.~C. and 
	{Pepe}, F. and {Gillon}, M. and {Azevedo}, R. and {Barman}, T. and 
	{Fern{\'a}ndez}, M. and {di Folco}, E. and {Guenther}, E.~W. and 
	{Lovis}, C. and {Melo}, C.~H.~F. and {Queloz}, D. and {Udry}, S.
	},
    title = "{TW Hydrae: evidence of stellar spots instead of a Hot Jupiter}",
  journal = {A\&A},
archivePrefix = "arXiv",
   eprint = {0808.2386},
 keywords = {stars: pre-main sequence, stars: planetary systems, stars: individual: TW Hya},
     year = 2008,
    month = oct,
   volume = 489,
    pages = {L9-L13},
      doi = {10.1051/0004-6361:200810596},
   adsurl = {http://adsabs.harvard.edu/abs/2008A%26A...489L...9H},
  adsnote = {Provided by the SAO/NASA Astrophysics Data System}
}

@ARTICLE{prato08,
   author = {{Prato}, L. and {Huerta}, M. and {Johns-Krull}, C.~M. and {Mahmud}, N. and 
	{Jaffe}, D.~T. and {Hartigan}, P.},
    title = "{A Young-Planet Search in Visible and Infrared Light: DN Tauri, V836 Tauri, and V827 Tauri}",
  journal = {ApJL},
archivePrefix = "arXiv",
   eprint = {0809.3599},
 keywords = {planetary systems: formation, stars: individual: DN Tauri V836 Tauri V827 Tauri, stars: spots, techniques: radial velocities},
     year = 2008,
    month = nov,
   volume = 687,
      eid = {L103},
    pages = {L103},
      doi = {10.1086/593201},
   adsurl = {http://adsabs.harvard.edu/abs/2008ApJ...687L.103P},
  adsnote = {Provided by the SAO/NASA Astrophysics Data System}
}

@ARTICLE{mahmud11,
   author = {{Mahmud}, N.~I. and {Crockett}, C.~J. and {Johns-Krull}, C.~M. and 
	{Prato}, L. and {Hartigan}, P.~M. and {Jaffe}, D.~T. and {Beichman}, C.~A.
	},
    title = "{Starspot-induced Optical and Infrared Radial Velocity Variability in T Tauri Star Hubble I 4}",
  journal = {ApJ},
archivePrefix = "arXiv",
   eprint = {1105.2331},
 primaryClass = "astro-ph.EP",
 keywords = {stars: activity, stars: individual: Hubble I 4, starspots, stars: pre-main sequence, stars: variables: T Tauri, Herbig Ae/Be, techniques: radial velocities},
     year = 2011,
    month = aug,
   volume = 736,
      eid = {123},
    pages = {123},
      doi = {10.1088/0004-637X/736/2/123},
   adsurl = {http://adsabs.harvard.edu/abs/2011ApJ...736..123M},
  adsnote = {Provided by the SAO/NASA Astrophysics Data System}
}

@ARTICLE{martinez10,
   author = {{Mart{\'{\i}}nez-Arn{\'a}iz}, R. and {Maldonado}, J. and {Montes}, D. and 
	{Eiroa}, C. and {Montesinos}, B.},
    title = "{Chromospheric activity and rotation of FGK stars in the solar vicinity. An estimation of the radial velocity jitter}",
  journal = {A\&A},
archivePrefix = "arXiv",
   eprint = {1002.4391},
 primaryClass = "astro-ph.SR",
 keywords = {solar neighbourhood, stars: late-type, stars: activity, stars: chromospheres, stars: rotation, planetary systems},
     year = 2010,
    month = sep,
   volume = 520,
      eid = {A79},
    pages = {A79},
      doi = {10.1051/0004-6361/200913725},
   adsurl = {http://adsabs.harvard.edu/abs/2010A%26A...520A..79M},
  adsnote = {Provided by the SAO/NASA Astrophysics Data System}
}

@ARTICLE{thomas57,
   author = {{Thomas}, R.~N.},
    title = "{The Source Function in a Non-Equilibrium Atmosphere. I. The Resonance Lines.}",
  journal = {ApJ},
     year = 1957,
    month = jan,
   volume = 125,
    pages = {260},
      doi = {10.1086/146299},
   adsurl = {http://adsabs.harvard.edu/abs/1957ApJ...125..260T},
  adsnote = {Provided by the SAO/NASA Astrophysics Data System}
}

@ARTICLE{reiners12c,
   author = {{Reiners}, A.},
    title = "{Observations of Cool-Star Magnetic Fields}",
  journal = {Living Reviews in Solar Physics},
archivePrefix = "arXiv",
   eprint = {1203.0241},
 primaryClass = "astro-ph.SR",
 keywords = {stars: activity, magnetic fields},
     year = 2012,
    month = feb,
   volume = 9,
      doi = {10.12942/lrsp-2012-1},
   adsurl = {http://adsabs.harvard.edu/abs/2012LRSP....9....1R},
  adsnote = {Provided by the SAO/NASA Astrophysics Data System}
}

@BOOK{rasmussen06,
    author    = {{Rasmussen}, C.~E. and {Williams}, C.~K.~I.},
    booktitle     = "{Gaussian processes for machine learning}",
    year      = 2006,
    publisher = "{MIT Press}"
}

@ARTICLE{petigura13,
   author = {{Petigura}, E.~A. and {Marcy}, G.~W. and {Howard}, A.~W.},
    title = "{A Plateau in the Planet Population below Twice the Size of Earth}",
  journal = {ApJ},
archivePrefix = "arXiv",
   eprint = {1304.0460},
 primaryClass = "astro-ph.EP",
 keywords = {planetary systems, stars: statistics, techniques: photometric },
     year = 2013,
    month = jun,
   volume = 770,
      eid = {69},
    pages = {69},
      doi = {10.1088/0004-637X/770/1/69},
   adsurl = {http://adsabs.harvard.edu/abs/2013ApJ...770...69P},
  adsnote = {Provided by the SAO/NASA Astrophysics Data System}
}

@ARTICLE{dumusque15,
   author = {{Dumusque}, X. and {Glenday}, A. and {Phillips}, D.~F. and {Buchschacher}, N. and 
	{Collier Cameron}, A. and {Cecconi}, M. and {Charbonneau}, D. and 
	{Cosentino}, R. and {Ghedina}, A. and {Latham}, D.~W. and {Li}, C.-H. and 
	{Lodi}, M. and {Lovis}, C. and {Molinari}, E. and {Pepe}, F. and 
	{Udry}, S. and {Sasselov}, D. and {Szentgyorgyi}, A. and {Walsworth}, R.
	},
    title = "{HARPS-N Observes the Sun as a Star}",
  journal = {ApJL},
archivePrefix = "arXiv",
   eprint = {1511.02267},
 primaryClass = "astro-ph.EP",
 keywords = {instrumentation: spectrographs, planets and satellites: detection, techniques: radial velocities},
     year = 2015,
    month = dec,
   volume = 814,
      eid = {L21},
    pages = {L21},
      doi = {10.1088/2041-8205/814/2/L21},
   adsurl = {http://adsabs.harvard.edu/abs/2015ApJ...814L..21D},
  adsnote = {Provided by the SAO/NASA Astrophysics Data System}
}

@ARTICLE{goodman10,
   author = {{Goodman}, J. and {Weare}, J.
        },
    title = "{Ensemble Samplers with Affine Invariance}",
  journal = {Communications in Applied Mathematics and Computational Science},
     year = 2010,
    month = jan,
   volume = 5,
    pages = {65},
}

@ARTICLE{dumusque16,
   author = {{Dumusque}, X.},
    title = "{Radial Velocity Fitting Challenge. I. Simulating the data set including realistic stellar radial-velocity signals}",
  journal = {ArXiv e-prints},
archivePrefix = "arXiv",
   eprint = {1607.06487},
 primaryClass = "astro-ph.EP",
 keywords = {Astrophysics - Earth and Planetary Astrophysics},
     year = 2016,
    month = jul,
   adsurl = {http://adsabs.harvard.edu/abs/2016arXiv160706487D},
  adsnote = {Provided by the SAO/NASA Astrophysics Data System}
}

@ARTICLE{wolfgang16,
   author = {{Wolfgang}, A. and {Rogers}, L.~A. and {Ford}, E.~B.},
    title = "{Probabilistic Mass-Radius Relationship for Sub-Neptune-Sized Planets}",
  journal = {ApJ},
archivePrefix = "arXiv",
   eprint = {1504.07557},
 primaryClass = "astro-ph.EP",
 keywords = {methods: statistical, planets and satellites: composition },
     year = 2016,
    month = jul,
   volume = 825,
      eid = {19},
    pages = {19},
      doi = {10.3847/0004-637X/825/1/19},
   adsurl = {http://adsabs.harvard.edu/abs/2016ApJ...825...19W},
  adsnote = {Provided by the SAO/NASA Astrophysics Data System}
}

@ARTICLE{torres15,
   author = {{Torres}, G. and {Kipping}, D.~M. and {Fressin}, F. and {Caldwell}, D.~A. and 
	{Twicken}, J.~D. and {Ballard}, S. and {Batalha}, N.~M. and 
	{Bryson}, S.~T. and {Ciardi}, D.~R. and {Henze}, C.~E. and {Howell}, S.~B. and 
	{Isaacson}, H.~T. and {Jenkins}, J.~M. and {Muirhead}, P.~S. and 
	{Newton}, E.~R. and {Petigura}, E.~A. and {Barclay}, T. and 
	{Borucki}, W.~J. and {Crepp}, J.~R. and {Everett}, M.~E. and 
	{Horch}, E.~P. and {Howard}, A.~W. and {Kolbl}, R. and {Marcy}, G.~W. and 
	{McCauliff}, S. and {Quintana}, E.~V.},
    title = "{Validation of 12 Small Kepler Transiting Planets in the Habitable Zone}",
  journal = {ApJ},
archivePrefix = "arXiv",
   eprint = {1501.01101},
 primaryClass = "astro-ph.EP",
 keywords = {methods: statistical, planetary systems, stars: individual: KOI-3284 (Kepler-438) KOI-4742 (Kepler-442), techniques: photometric},
     year = 2015,
    month = feb,
   volume = 800,
      eid = {99},
    pages = {99},
      doi = {10.1088/0004-637X/800/2/99},
   adsurl = {http://adsabs.harvard.edu/abs/2015ApJ...800...99T},
  adsnote = {Provided by the SAO/NASA Astrophysics Data System}
}

@ARTICLE{marley07,
   author = {{Marley}, M.~S. and {Fortney}, J.~J. and {Hubickyj}, O. and 
	{Bodenheimer}, P. and {Lissauer}, J.~J.},
    title = "{On the Luminosity of Young Jupiters}",
  journal = {ApJ},
   eprint = {astro-ph/0609739},
 keywords = {Stars: Planetary Systems: Formation, Planets and Satellites: Formation},
     year = 2007,
    month = jan,
   volume = 655,
    pages = {541-549},
      doi = {10.1086/509759},
   adsurl = {http://adsabs.harvard.edu/abs/2007ApJ...655..541M},
  adsnote = {Provided by the SAO/NASA Astrophysics Data System}
}

@ARTICLE{wang18,
       author = {{Wang}, Jason J. and {Graham}, James R. and {Dawson}, Rebekah and
         {Fabrycky}, Daniel and {De Rosa}, Robert J. and {Pueyo}, Laurent and
         {Konopacky}, Quinn and {Macintosh}, Bruce and {Marois}, Christian and
         {Chiang}, Eugene and {Ammons}, S. Mark and {Arriaga}, Pauline and
         {Bailey}, Vanessa P. and {Barman}, Travis and {Bulger}, Joanna and
         {Chilcote}, Jeffrey and {Cotten}, Tara and {Doyon}, Rene and
         {Duch{\^e}ne}, Gaspard and {Esposito}, Thomas M. and
         {Fitzgerald}, Michael P. and {Follette}, Katherine B. and
         {Gerard}, Benjamin L. and {Goodsell}, Stephen J. and {Greenbaum}, Alexand
        ra Z. and {Hibon}, Pascale and {Hung}, Li-Wei and {Ingraham}, Patrick and
         {Kalas}, Paul and {Larkin}, James E. and {Maire}, J{\'e}r{\^o}me and
         {Marchis}, Franck and {Marley}, Mark S. and {Metchev}, Stanimir and
         {Millar-Blanchaer}, Maxwell A. and {Nielsen}, Eric L. and
         {Oppenheimer}, Rebecca and {Palmer}, David and {Patience}, Jennifer and
         {Perrin}, Marshall and {Poyneer}, Lisa and {Rajan}, Abhijith and
         {Rameau}, Julien and {Rantakyr{\"o}}, Fredrik T. and
         {Ruffio}, Jean-Baptiste and {Savransky}, Dmitry and
         {Schneider}, Adam C. and {Sivaramakrishnan}, Anand and {Song}, Inseok and
         {Soummer}, Remi and {Thomas}, Sandrine and {Wallace}, J. Kent and
         {Ward-Duong}, Kimberly and {Wiktorowicz}, Sloane and {Wolff}, Schuyler},
        title = "{Dynamical Constraints on the HR 8799 Planets with GPI}",
      journal = {AJ},
     keywords = {astrometry, planet─disk interactions, planets and satellites: dynamical evolution and stability, planets and satellites: gaseous planets, stars: individual: HR 8799, techniques: high angular resolution, Astrophysics - Earth and Planetary Astrophysics},
         year = "2018",
        month = "Nov",
       volume = {156},
          eid = {192},
        pages = {192},
          doi = {10.3847/1538-3881/aae150},
archivePrefix = {arXiv},
       eprint = {1809.04107},
 primaryClass = {astro-ph.EP},
       adsurl = {https://ui.adsabs.harvard.edu/\#abs/2018AJ....156..192W},
      adsnote = {Provided by the SAO/NASA Astrophysics Data System}
}

@ARTICLE{mann19,
       author = {{Mann}, Andrew W. and {Dupuy}, Trent and {Kraus}, Adam L. and
         {Gaidos}, Eric and {Ansdell}, Megan and {Ireland}, Michael and
         {Rizzuto}, Aaron C. and {Hung}, Chao-Ling and {Dittmann}, Jason and
         {Factor}, Samuel and {Feiden}, Gregory and {Martinez}, Raquel A. and
         {Ru{\'\i}z-Rodr{\'\i}guez}, Dary and {Chia Thao}, Pa},
        title = "{How to Constrain Your M Dwarf. II. The Mass─Luminosity─Metallicity Relation from 0.075 to 0.70 Solar Masses}",
      journal = {ApJ},
     keywords = {binaries: visual, stars: late-type, stars: low-mass, stars: luminosity function, mass function, Astrophysics - Solar and Stellar Astrophysics},
         year = "2019",
        month = "Jan",
       volume = {871},
          eid = {63},
        pages = {63},
          doi = {10.3847/1538-4357/aaf3bc},
archivePrefix = {arXiv},
       eprint = {1811.06938},
 primaryClass = {astro-ph.SR},
       adsurl = {https://ui.adsabs.harvard.edu/\#abs/2019ApJ...871...63M},
      adsnote = {Provided by the SAO/NASA Astrophysics Data System}
}

@ARTICLE{muirhead12,
   author = {{Muirhead}, P.~S. and {Hamren}, K. and {Schlawin}, E. and {Rojas-Ayala}, B. and 
	{Covey}, K.~R. and {Lloyd}, J.~P.},
    title = "{Characterizing the Cool Kepler Objects of Interests. New Effective Temperatures, Metallicities, Masses, and Radii of Low-mass Kepler Planet-candidate Host Stars}",
  journal = {ApJL},
archivePrefix = "arXiv",
   eprint = {1109.1819},
 primaryClass = "astro-ph.SR",
 keywords = {planetary systems, stars: abundances, stars: fundamental parameters, stars: late-type, stars: low-mass},
     year = 2012,
    month = may,
   volume = 750,
      eid = {L37},
    pages = {L37},
      doi = {10.1088/2041-8205/750/2/L37},
   adsurl = {http://adsabs.harvard.edu/abs/2012ApJ...750L..37M},
  adsnote = {Provided by the SAO/NASA Astrophysics Data System}
}

@ARTICLE{benedict16,
       author = {{Benedict}, G.~F. and {Henry}, T.~J. and {Franz}, O.~G. and
         {McArthur}, B.~E. and {Wasserman}, L.~H. and {Jao}, Wei-Chun and
         {Cargile}, P.~A. and {Dieterich}, S.~B. and {Bradley}, A.~J. and
         {Nelan}, E.~P. and {Whipple}, A.~L.},
        title = "{The Solar Neighborhood. XXXVII: The Mass-Luminosity Relation for Main-sequence M Dwarfs}",
      journal = {AJ},
     keywords = {astrometry, binaries: close, stars: distances, stars: late-type, techniques: interferometric, techniques: radial velocities, Astrophysics - Solar and Stellar Astrophysics},
         year = "2016",
        month = "Nov",
       volume = {152},
          eid = {141},
        pages = {141},
          doi = {10.3847/0004-6256/152/5/141},
archivePrefix = {arXiv},
       eprint = {1608.04775},
 primaryClass = {astro-ph.SR},
       adsurl = {https://ui.adsabs.harvard.edu/\#abs/2016AJ....152..141B},
      adsnote = {Provided by the SAO/NASA Astrophysics Data System}
}

@ARTICLE{astudillodefru15,
       author = {{Astudillo-Defru}, N. and {Bonfils}, X. and {Delfosse}, X. and
         {S{\'e}gransan}, D. and {Forveille}, T. and {Bouchy}, F. and
         {Gillon}, M. and {Lovis}, C. and {Mayor}, M. and {Neves}, V. and
         {Pepe}, F. and {Perrier}, C. and {Queloz}, D. and {Rojo}, P. and
         {Santos}, N.~C. and {Udry}, S.},
        title = "{The HARPS search for southern extra-solar planets. XXXVI. Planetary systems and stellar activity of the M dwarfs GJ 3293, GJ 3341, and GJ 3543}",
      journal = {A\&A},
     keywords = {techniques: radial velocities, stars: late-type, stars: individual: GJ 3293, stars: individual: GJ 3341, stars: individual: GJ 3543, planetary systems, Astrophysics - Earth and Planetary Astrophysics},
         year = "2015",
        month = "Mar",
       volume = {575},
          eid = {A119},
        pages = {A119},
          doi = {10.1051/0004-6361/201424253},
archivePrefix = {arXiv},
       eprint = {1411.7048},
 primaryClass = {astro-ph.EP},
       adsurl = {https://ui.adsabs.harvard.edu/\#abs/2015A&A...575A.119A},
      adsnote = {Provided by the SAO/NASA Astrophysics Data System}
}

@INPROCEEDINGS{halverson16,
       author = {{Halverson}, Samuel and {Terrien}, Ryan and {Mahadevan}, Suvrath and
         {Roy}, Arpita and {Bender}, Chad and {Stef{\'a}nsson}, Gudmundur K. and
         {Monson}, Andrew and {Levi}, Eric and {Hearty}, Fred and
         {Blake}, Cullen and {McElwain}, Michael and {Schwab}, Christian and
         {Ramsey}, Lawrence and {Wright}, Jason and {Wang}, Sharon and
         {Gong}, Qian and {Roberston}, Paul},
        title = "{A comprehensive radial velocity error budget for next generation Doppler spectrometers}",
     keywords = {Astrophysics - Instrumentation and Methods for Astrophysics, Astrophysics - Earth and Planetary Astrophysics},
    booktitle = {Ground-based and Airborne Instrumentation for Astronomy VI},
         year = "2016",
       series = {Society of Photo-Optical Instrumentation Engineers (SPIE) Conference Series},
       volume = {9908},
        month = "Aug",
          eid = {99086P},
        pages = {99086P},
          doi = {10.1117/12.2232761},
archivePrefix = {arXiv},
       eprint = {1607.05634},
 primaryClass = {astro-ph.IM},
       adsurl = {https://ui.adsabs.harvard.edu/\#abs/2016SPIE.9908E..6PH},
      adsnote = {Provided by the SAO/NASA Astrophysics Data System}
}

@ARTICLE{bertaux14,
       author = {{Bertaux}, J.~L. and {Lallement}, R. and {Ferron}, S. and {Boonne}, C. and
         {Bodichon}, R.},
        title = "{TAPAS, a web-based service of atmospheric transmission computation for astronomy}",
      journal = {A\&A},
     keywords = {atmospheric effects, techniques: spectroscopic, Astrophysics - Instrumentation and Methods for Astrophysics},
         year = "2014",
        month = "Apr",
       volume = {564},
          eid = {A46},
        pages = {A46},
          doi = {10.1051/0004-6361/201322383},
archivePrefix = {arXiv},
       eprint = {1311.4169},
 primaryClass = {astro-ph.IM},
       adsurl = {https://ui.adsabs.harvard.edu/\#abs/2014A&A...564A..46B},
      adsnote = {Provided by the SAO/NASA Astrophysics Data System}
}

@ARTICLE{bedell19,
       author = {{Bedell}, Megan and {Hogg}, David W. and {Foreman-Mackey}, Daniel and
         {Montet}, Benjamin T. and {Luger}, Rodrigo},
        title = "{Wobble: a data-driven method for precision radial velocities}",
      journal = {arXiv e-prints},
     keywords = {Astrophysics - Instrumentation and Methods for Astrophysics, Astrophysics - Earth and Planetary Astrophysics, Astrophysics - Solar and Stellar Astrophysics},
         year = "2019",
        month = "Jan",
          eid = {arXiv:1901.00503},
        pages = {arXiv:1901.00503},
archivePrefix = {arXiv},
       eprint = {1901.00503},
 primaryClass = {astro-ph.IM},
       adsurl = {https://ui.adsabs.harvard.edu/\#abs/2019arXiv190100503B},
      adsnote = {Provided by the SAO/NASA Astrophysics Data System}
}

@INPROCEEDINGS{artigau14,
   author = {{Artigau}, {\'E}. and {Astudillo-Defru}, N. and {Delfosse}, X. and 
	{Bouchy}, F. and {Bonfils}, X. and {Lovis}, C. and {Pepe}, F. and 
	{Moutou}, C. and {Donati}, J.-F. and {Doyon}, R. and {Malo}, L.
	},
    title = "{Telluric-line subtraction in high-accuracy velocimetry: a PCA-based approach}",
booktitle = {Observatory Operations: Strategies, Processes, and Systems V},
     year = 2014,
   series = {SPIE},
   volume = 9149,
archivePrefix = "arXiv",
   eprint = {1406.6927},
 primaryClass = "astro-ph.IM",
    month = jul,
      eid = {914905},
    pages = {914905},
      doi = {10.1117/12.2056385},
   adsurl = {http://adsabs.harvard.edu/abs/2014SPIE.9149E..05A},
  adsnote = {Provided by the SAO/NASA Astrophysics Data System}
}

@INPROCEEDINGS{podgorski14,
   author = {{Podgorski}, W. and {Bean}, J. and {Bergner}, H. and {Chun}, M.-Y. and 
	{Crane}, J. and {Evans}, I. and {Evans}, J. and {Furesz}, G. and 
	{Guzman}, D. and {Kim}, K.-M. and {McCracken}, K. and {Mueller}, M. and 
	{Norton}, T. and {Park}, C. and {Park}, S. and {Plummer}, D. and 
	{Szentgyorgyi}, A. and {Uomoto}, A. and {Yuk}, I.-S.},
    title = "{A novel systems engineering approach to the design of a precision radial velocity spectrograph: the GMT-Consortium Large Earth Finder (G-CLEF)}",
booktitle = {Ground-based and Airborne Instrumentation for Astronomy V},
     year = 2014,
   series = {SPIE},
   volume = 9147,
    month = jul,
      eid = {91478W},
    pages = {91478W},
      doi = {10.1117/12.2056329},
   adsurl = {http://adsabs.harvard.edu/abs/2014SPIE.9147E..8WP},
  adsnote = {Provided by the SAO/NASA Astrophysics Data System}
}

@ARTICLE{dumusque11b,
       author = {{Dumusque}, X. and {Santos}, N.~C. and {Udry}, S. and {Lovis}, C. and
         {Bonfils}, X.},
        title = "{Planetary detection limits taking into account stellar noise. II. Effect of stellar spot groups on radial-velocities}",
      journal = {A\&A},
     keywords = {stars: individual:{\ensuremath{\alpha}}Cen B, planetary systems, stars: activity, Sun: activity, sunspots, techniques: radial velocities, Astrophysics - Earth and Planetary Astrophysics},
         year = "2011",
        month = "Mar",
       volume = {527},
          eid = {A82},
        pages = {A82},
          doi = {10.1051/0004-6361/201015877},
archivePrefix = {arXiv},
       eprint = {1101.0954},
 primaryClass = {astro-ph.EP},
       adsurl = {https://ui.adsabs.harvard.edu/\#abs/2011A&A...527A..82D},
      adsnote = {Provided by the SAO/NASA Astrophysics Data System}
}
